1963 3308
197 180 222 199 a.
246 172 311 198 Chr.
333 179 361 197 n.
384 173 444 197 211.

737 160 881 196 LIBER
905 159 1024 195 XXVI
1087 159 1187 195 OAP.
1216 163 1271 194 24.
1690 158 1744 200 51

197 271 240 312 in
260 285 310 312 ea
334 270 508 312 fortuna
532 269 758 323 haberent,
785 273 832 311 ut
859 269 962 311 socii
988 282 1079 310 3333
1107 283 1234 323 quam
1258 268 1370 309 cives
1396 267 1592 321 mallent,
1620 266 1747 308 Aeto-
1776 276 1798 307 4

194 330 260 372 103
287 343 336 371 30
361 330 405 370 111
431 329 591 371 maiore
617 328 783 370 futuros
809 328 984 382 honore,
1010 327 1122 383 quod
1149 327 1339 383 gentium
1365 326 1749 368 transmarinarum

194 389 239 430 in
282 388 516 430 amicitiam
558 388 684 442 primi
727 388 960 429 venissent:
1007 386 1258 440 Philippum
1304 386 1362 427 eis
1409 389 1451 427 et
1493 385 1749 427 Macedonas
1778 394 1798 426 5

195 461 346 503 graves
377 448 542 489 accolas
575 461 684 497 esse,
716 461 894 501 quorum
921 460 965 487 se
990 445 1078 487 vim
1106 460 1154 487 ac
1181 445 1355 499 spiritus
1383 448 1424 486 et
1448 445 1534 486 iam
1560 444 1751 499 fregisse,

195 510 238 548 et
264 521 313 548 eo
338 506 608 548 redacturum
639 520 750 560 esse,
780 507 828 546 ut
853 519 942 546 non
973 505 1025 545 iis
1052 504 1179 545 modo
1204 503 1400 551 urbibus,
1433 518 1536 557 quas
1562 518 1637 558 per
1662 503 1750 544 vim

195 565 455 608 ademissent
479 565 664 618 Aetolis,
697 563 918 613 excedant,
951 562 1023 603 sed
1054 563 1193 616 ipsam
1221 561 1517 603 Macedoniam
1549 562 1750 603 infestam

194 625 397 679 habeant3
437 627 479 666 et
516 626 786 677 Acarnanas,
824 636 930 677 quos
967 634 1093 676 aegre
1131 620 1291 661 ferrent
1328 621 1473 661 Aetoli
1513 635 1537 661 a
1575 635 1749 675 corpore
1777 632 1797 663 6

195 699 270 726 3110
298 683 550 737 diremptos,
580 682 877 723 restituturum
905 694 949 721 se
980 680 1026 720 in
1047 680 1267 734 antiquam
1300 679 1529 720 formulam
1561 680 1750 734 iurisque

195 757 244 785 ac
275 743 451 784 dicionis
484 755 629 782 eorum
664 756 737 781 -ε
774 739 879 780 11333
912 738 1025 780 dicta
1062 738 1358 793 promissaque
1391 753 1416 779 a
1447 738 1643 779 Romano
1675 738 1749 779 im·
1777 749 1796 780 7

192 805 387 856 peratore
420 799 598 853 Scopas,

637 799 708 853 qui
739 802 831 840 tum
863 801 1038 852 praetor
1069 798 1211 853 gentis
1245 800 1353 852 erat,
1392 800 1434 838 et
1465 797 1750 839 Dorimachus

192 861 387 915 princeps
408 859 661 900 Aetolorum
688 857 1022 899 adfirmaverunt
1049 857 1305 898 auctoritate
1338 871 1431 910 sua,
1464 857 1627 898 minore
1654 870 1750 898 cum

192 917 443 960 verecundia
474 920 517 958 et
547 917 707 958 maiore
740 931 834 958 cum
867 916 948 957 fide
980 916 1068 958 vim
1101 916 1454 970 maiestatemque
1485 915 1635 970 populi
1665 915 1748 957 Ro-

190 977 307 1019 mani
327 976 592 1018 extollentes.
630 976 814 1017 maxime
839 978 985 1017 tamen
1010 990 1106 1030 spes
1133 975 1364 1030 potiundae
1392 975 1594 1016 movebat
1615 976 1747 1016 Acar·
1776 985 1796 1016 8

188 1036 355 1078 naniae.

191 1096 523 1149 societatemque
574 1095 721 1148 populi
771 1093 956 1135 Romani
1005 1094 1215 1147 venirent,

422 1035 556 1090 igitur
594 1036 860 1089 conscriptae
900 1034 1189 1086 condiciones,
1233 1034 1385 1089 quibus
1430 1034 1473 1074 in
1515 1034 1750 1075 amicitiam

1274 1093 1565 1147 additumque,
1614 1095 1663 1134 ut
1712 1093 1747 1134 si
1775 1104 1795 1134 9

188 1155 374 1209 placeret
399 1154 660 1208 vellentque,
693 1153 840 1194 eodem
871 1153 962 1194 iure
989 1153 1201 1195 amicitiae
1221 1151 1318 1194 Elei
1340 1151 1749 1206 Lacedaemoniique

190 1216 233 1254 et
259 1213 430 1254 Attalus
458 1216 500 1254 et
520 1212 746 1254 Pleuratus
773 1214 816 1253 et
836 1210 1131 1254 Scerdilaedus
1158 1214 1313 1262 essent,
1336 1236 1389 1241 -—
1413 1211 1542 1252 Asiae
1562 1210 1748 1264 Attalus,
1778 1221 1819 1252 10

189 1272 234 1313 111
264 1272 477 1313 Thracum
510 1275 552 1313 et
575 1271 819 1326 Illyriorum
851 1284 972 1326 reges
994 1289 1070 1327 —3
1101 1271 1260 1313 bellum
1292 1274 1341 1312 ut
1372 1271 1583 1325 extemplo
1605 1270 1750 1312 Aetoli

192 1346 286 1373 cum
314 1331 518 1386 Philippo
548 1333 664 1371 terra
690 1333 904 1385 gererent,
935 1331 1116 1372 navibus
1142 1344 1194 1371 ne
1220 1330 1359 1371 minus
1384 1329 1538 1384 viginti
1566 1330 1750 1385 quinque

191 1390 565 1445 quinqueremibus
611 1389 830 1431 adiuvaret
871 1389 1110 1443 Romanus,
1160 1389 1330 1431 urbium
1370 1387 1580 1443 Corcyrae
1624 1391 1749 1430 tenus
1777 1399 1818 1429 11

237 1520 278 1553 iri
302 1529 344 1553 ea
367 1519 520 1561 fortuna
544 1517 729 1563 haberent]
759 1517 811 1551 ‘in
834 1517 934 1552 einer

190 1577 230 1600 30
261 1565 497 1611 glficklichen
528 1565 628 1610 Lage
664 1565 742 1599 sein
773 1564 932 1600 liessen⁷.

189 1613 273 1658 Vgl.
287 1613 328 1647 in
343 1613 501 1655 servitio,
520 1613 562 1646 iri
580 1613 692 1646 tutela
706 1612 833 1646 habere
847 1613 932 1656 aliq.

237 1664 269 1694 4.
291 1670 328 1695 eo
342 1661 383 1694 in
396 1661 530 1694 maiore
543 1659 687 1702 futuros
700 1660 844 1704 honore]
864 1659 932 1694 ‘sie

189 1707 341 1742 wurden
367 1707 557 1742 deshalb
582 1707 620 1740 in
642 1706 736 1741 noch
757 1706 931 1740 hoherem

191 1754 312 1789 Grade
335 1754 465 1798 geehrt
485 1753 591 1788 sein’.
625 1764 663 1787 eo
677 1770 721 1782 =
735 1754 813 1788 ideo
833 1753 931 1788 beim

191 1801 435 1846 Komparativ
459 1801 555 1835 noch
582 1799 641 1843 35,
672 1804 703 1843 6,
735 1805 778 1835 10
804 1801 932 1835 milites

191 1859 235 1883 eo
262 1850 388 1893 plures
414 1850 567 1892 perisse,
596 1849 691 1892 quod
716 1848 862 1882 tardius
887 1868 931 1873 —-

190 1896 445 1930 successissent.
466 1916 508 1920 —
531 1897 705 1930 vertissent
725 1912 768 1923 =
788 1896 932 1930 venturi

191 1946 311 1978 essent.
355 1942 438 1987 Vgl.
465 1942 530 1985 21,
564 1946 625 1984 33,
652 1946 672 1976 9
700 1942 930 1977 traduxisset.

239 1994 270 2024 5.
305 1991 377 2024 vim
409 2001 451 2024 ac
481 1989 648 2035 spiritus]
687 1990 839 2033 spiritus
870 1990 930 2024 be-

191 2038 357 2072 zeichnet
369 2036 596 2071 namentlich
607 2037 659 2070 im
670 2036 793 2070 Plura]
804 2037 931 2071 trotzi-

190 2096 261 2129 gen
295 2085 376 2118 Mut
407 2084 482 2118 und
508 2083 606 2118 seine
632 2085 853 2128 Ausartung.
898 2083 932 2126 2,

191 2136 252 2175 35,
280 2135 299 2166 6
331 2132 483 2176 spiritus
514 2131 665 2166 hostiles.
709 2131 775 2174 30,
805 2135 860 2174 30,
890 2135 932 2165 15

190 2180 343 2224 spiritus
367 2189 515 2223 magnos
540 2179 655 2223 mayis
680 2189 787 2222 quam
808 2179 933 2219 utiles,-

189 2226 241 2260 im
255 2225 427 2271 Singular
437 2225 497 2269 24,
507 2229 561 2269 22,
572 2229 591 2259 8
606 2226 773 2260 muliebri
786 2226 930 2270 spiritu.

191 2273 251 2315 21,
280 2278 311 2316 1,
337 2277 357 2307 5
385 2274 541 2317 inyerztis
566 2273 718 2317 spiritus
742 2273 871 2307 viram.

237 2320 405 2362 infestam
423 2320 592 2365 habeant]
618 2320 771 2361 infestus
792 2320 829 2353 in
850 2330 931 2364 pas-

192 2366 306 2401 sivem
338 2366 465 2407 Sinne,
503 2366 598 2401 ‘dass
631 2368 682 2401 sie
715 2367 785 2401 den
817 2366 932 2401 Feind

190 2413 242 2447 im
281 2414 433 2457 eigenen
468 2413 593 2448 Lande
633 2414 790 2448 hatten⁷.
847 2413 930 2458 Vgl.

193 2471 222 2494 c.
242 2464 299 2502 46,
327 2464 344 2493 1
371 2461 486 2494 latera
511 2461 710 2502 infestiora.
752 2460 813 2503 24,
834 2464 865 2504 8,
889 2465 931 2495 16

192 2518 258 2542 ora
284 2507 420 2541 Italiae
445 2507 611 2549 infestior
634 2508 698 2541 hoc
723 2519 829 2542 anno.

241 2558 272 2589 6.
292 2555 333 2588 in
352 2554 540 2598 antiquam
559 2554 753 2595 formulam
773 2556 932 2599 iurisque

193 2612 235 2636 ac
266 2601 437 2646 dicionis]
474 2601 525 2634 ‘in
557 2600 622 2634 das
653 2600 816 2644 fn'ihere,
850 2612 931 2635 ver-

191 2647 931 2693 tragsrechtlichbegrundeteAbhangig-

191 2694 534 2730 keitsverh'altniss’.
593 2695 752 2737 formala
790 2711 832 2723 =
872 2694 931 2729 die

193 2742 445 2783 Bundesakte,
505 2742 599 2776 nach
658 2741 816 2776 welcher
874 2740 932 2776 die

191 2789 333 2824 Rechte
363 2790 489 2832 (iaris)
519 2789 582 2823 der
608 2780 737 2823 Atoler
767 2788 842 2822 und
874 2788 932 2823 die

193 2836 471 2882 Abhangigkeit
502 2837 688 2878 (dicionis)
721 2836 784 2870 der
816 2835 932 2869 Akar-

195 2893 313 2917 nanen
337 2883 526 2918 bestimmt
551 2894 683 2917 waren.
735 2883 775 2916 ln
800 2882 932 2916 Wahr-

194 2929 273 2964 heit
303 2930 405 2964 hatte
437 2929 497 2963 ein
529 2930 672 2965 solches
705 2929 932 2964 Verh'altniss

1005 1517 1064 1552 nie
1096 1517 1310 1552 bestanden.
1362 1518 1432 1551 Zur
1463 1517 1751 1562 Redewendung

1005 1565 1080 1610 vgl.
1106 1566 1147 1599 iii
1166 1565 1360 1607 formulam
1384 1565 1560 1609 recliyere,
1591 1565 1751 1599 alicuius

1004 1613 1182 1655 formulae
1217 1613 1352 1655 facere,
1388 1613 1429 1646 iri
1465 1612 1660 1654 formulam
1698 1623 1750 1646 re-

1005 1660 1098 1702 ferre
1128 1672 1163 1694 11.
1191 1671 1222 1694 a.
1260 1680 1303 1684 —
1338 1670 1404 1704 que
1431 1680 1473 1685 —
1502 1669 1544 1694 ac
1576 1659 1636 1693 bei
1668 1658 1747 1694 Liv.

1006 1706 1105 1742 Curt.
1138 1719 1171 1740 u.
1200 1707 1284 1742 Tac.
1320 1706 1468 1752 haufige
1494 1706 1749 1750 Verbindung,

1004 1754 1232 1789 namentlich
1264 1754 1325 1789 bei
1350 1754 1455 1789 mehr
1481 1754 1535 1788 als
1567 1754 1656 1788 zwei
1681 1753 1749 1788 Be-

1005 1801 1137 1846 griffen
1169 1802 1202 1844 Ι,
1238 1805 1352 1845 7,10
1383 1811 1511 1836 nomen
1543 1804 1750 1845 patremque

1005 1860 1048 1884 ac
1068 1849 1243 1893 patriam.

1053 1900 1083 1931 7
1104 1896 1283 1950 praetor]
1298 1895 1475 1930 stehende
1496 1887 1749 1939 Ubersetzung

1004 1954 1076 1977 von
1103 1940 1304 1987 στρατηγός
1325 1959 1368 1971 =
1391 1942 1711 1977 Bundesfeldherr.

1053 1994 1083 2025 9.
1102 1991 1174 2024 eod.
1198 1991 1278 2024 iare
1297 1989 1521 2035 amicitiae]'
1511 2002 1549 2023 m
1563 1988 1748 2034 gleichem

1004 2037 1407 2072 Bundesverhaltnisse.
1426 2037 1646 2071 amicitiaist
1655 2037 1747 2081 poli-

1003 2084 1101 2119 tisch
1126 2096 1169 2118 zu
1194 2084 1331 2127 fassen,
1360 2084 1428 2118 wie
1455 2088 1474 2126 ξ
1501 2087 1521 2118 8
1550 2084 1749 2118 amicitiam

1004 2133 1279 2176 societatemque.

1053 2190 1118 2223 que
1138 2200 1179 2203 —
1202 2183 1233 2213 et
1253 2199 1295 2204 —-
1318 2182 1349 2212 et
1370 2200 1411 2203 —
1434 2178 1480 2223 et]
1502 2189 1568 2222 que
1586 2177 1675 2212 fasst
1688 2177 1748 2212 die

1006 2225 1378 2261 stammverwandten
1392 2225 1647 2270 griechischen
1661 2225 1748 2259 Vol-

1004 2273 1240 2308 kerschaften
1281 2285 1324 2307 zu
1362 2273 1462 2307 einer
1500 2272 1648 2316 Gruppe
1686 2284 1747 2306 zu-

1005 2331 1189 2362 sammen,
1226 2320 1403 2354 w'ahrend
1435 2319 1499 2353 das
1529 2319 1747 2364 dreimalige

1005 2372 1037 2402 et
1056 2367 1116 2402 die
1137 2366 1385 2411 ausw'artigen
1403 2366 1560 2401 Fiirsten
1580 2377 1652 2401 von
1672 2365 1746 2401 ein-

1005 2415 1119 2450 ander
1137 2416 1271 2449 trennt.
1311 2414 1344 2449 V
1347 2414 1394 2459 gl
1419 2425 1446 2448 c.
1469 2417 1524 2456 39,
1551 2417 1571 2447 5
1598 2414 1747 2448 asociis

1005 2462 1223 2507 Reginisque
1248 2465 1280 2496 et
1305 2473 1328 2496 a
1347 2426 1462 2495 gVelia
1492 2465 1522 2495 et
1553 2472 1577 2495 a
1604 2460 1747 2495 Paesto.

1054 2513 1106 2544 10.
1135 2510 1262 2544 bellam
1282 2512 1323 2543 ut
1342 2507 1528 2553 extemplo]
1545 2507 1603 2542 die
1618 2498 1748 2542 Atoler

1003 2558 1135 2601 tragen
1142 2557 1221 2591 also
1230 2556 1290 2590 die
1297 2556 1510 2600 ganzeLast
1521 2554 1584 2589 des
1592 2554 1746 2598 Krieges

1004 2603 1064 2637 bei
1090 2603 1261 2648 geringer
1281 2601 1571 2647 Gegenleistung
1591 2602 1654 2636 der
1673 2601 1745 2635 Ro·-

1002 2661 1090 2685 mer.
1143 2650 1215 2684 Der
1246 2650 1440 2694 Hauptton
1471 2649 1563 2692 liegt
1594 2648 1659 2682 auf
1688 2659 1745 2682 ex-

1003 2697 1148 2740 templo,
1180 2697 1265 2730 weil
1296 2708 1333 2730 es
1358 2696 1453 2730 Rom
1485 2695 1576 2729 eben
1603 2694 1668 2728 auf
1690 2705 1746 2729 so-

1003 2742 1138 2787 fortige
1165 2743 1324 2777 Abwehr
1348 2741 1515 2786 Philipps
1541 2741 1686 2775 ankam.

1054 2793 1106 2823 11.
1136 2788 1311 2833 Corcyrae
1336 2788 1452 2833 ternus]
1479 2791 1546 2822 teri.
1573 2787 1643 2822 mit
1661 2788 1745 2823 dem

1005 2835 1169 2870 Genitiv:
1193 2836 1263 2869 wie
1278 2836 1342 2870 das
1356 2835 1580 2880 griechische
1602 2833 1743 2879 μέχρις;

1004 2894 1070 2918 vor
1091 2883 1170 2917 Liv.
1195 2894 1262 2916 nur
1287 2882 1348 2916 bei
1366 2882 1560 2925 Dichtern3
1588 2882 1661 2927 vgl.
1683 2881 1743 2926 44,

1006 2935 1062 2973 41,
1089 2933 1109 2964 8
1134 2940 1246 2974 yemis
1270 2933 1372 2964 tenus
1387 2930 1442 2973 (5³).

1413 2987 1461 3022 4*
