1963 3308
243 157 299 198 94
705 159 850 194 LIBER
874 160 1005 197 XXVI.
1056 160 1158 196 CAP.
1186 164 1242 196 43.
1269 164 1324 195 44.

1648 181 1673 198 a.
1693 181 1721 198 u.
1742 175 1803 200 544.

194 276 215 306 4
242 266 379 320 urbis,
423 266 495 308 sed
532 266 578 307 in
614 280 700 308 una
737 267 842 308 urbe
886 267 1132 309 universam
1171 268 1369 322 ceperitis
1407 268 1675 323 Hispaniam.
1733 271 1804 312 hic

243 327 344 366 sunt
370 324 540 366 obsides
562 324 751 366 omnium
778 325 990 367 nobilium
1016 340 1165 381 regum
1191 326 1548 382 populorumque3
1575 329 1647 383 qui
1673 329 1803 371 simul

240 384 284 423 in
315 385 530 436 potestate
556 385 703 424 vestra
729 386 867 438 erunt,
900 385 1113 439 extemplo
1148 385 1292 426 omnia
1324 399 1431 439 quae
1456 400 1570 428 nunc
1596 388 1674 429 sub
1702 387 1804 430 Oar-

193 451 213 482 5
240 440 588 507 thaginiensibus
628 443 745 496 sunt,
783 442 827 483 in
865 442 1075 484 dicionem
1112 443 1301 496 tradent,
1338 443 1408 485 hic
1445 445 1624 497 pecunia
1662 447 1805 488 omnis

239 499 446 554 hostium,
489 500 580 541 sine
620 515 703 554 qua
739 515 877 555 neque
915 501 980 543 1111
1019 516 1165 557 gerere
1208 502 1366 544 bellum
1403 506 1602 556 possunt,
1645 505 1802 559 quippe

239 558 311 612 qui
348 558 634 600 mercenarios
674 560 884 601 exercitus
923 561 1058 612 alant,
1097 564 1139 603 et
1178 575 1286 616 quae
1323 560 1447 602 nobis
1487 562 1672 604 maximo
1704 564 1801 605 usui

192 628 211 658 0
239 616 292 658 ad
325 617 615 659 conciliandos
649 618 813 660 animos
852 619 1136 661 barbarorum
1170 620 1269 673 erit,
1306 619 1375 660 hic
1412 621 1646 674 tormenta,
1684 635 1802 664 arma

239 676 377 717 omnis
410 678 643 731 apparatus
676 677 779 718 belli
812 680 893 732 est,
926 679 998 733 qui
1031 679 1156 720 simul
1184 682 1226 720 et
1254 693 1330 720 vos
1364 678 1548 719 instruet
1580 681 1623 720 et
1651 679 1799 721 hostes

192 745 209 775 7
236 734 428 776 nudabit.
466 735 681 789 potiemur
706 739 931 789 praeterea
956 751 1052 778 cum
1077 737 1365 792 pulcherrima
1391 737 1799 793 opulentissimaque

237 793 358 848 urbe,
390 795 483 834 tum
516 794 880 848 opportunissima
911 798 1039 849 portu
1072 797 1264 851 egregio,
1302 796 1412 837 unde
1449 798 1564 837 terra
1596 796 1799 852 marique,

236 866 344 907 quae
376 852 479 893 belli
506 867 608 893 usus
641 855 843 907 poscunt,
876 855 1211 908 suppeditentur.
1262 869 1369 908 quae
1397 869 1492 896 cum
1525 868 1683 909 magna
1714 856 1797 910 ipsi

189 922 209 952 8
236 910 511 965 habebimus,
553 914 645 952 tum
685 911 994 966 dempserimus
1038 913 1236 955 hostibus
1275 914 1410 954 multo
1448 914 1624 956 maiora.

1692 913 1799 957 haec

235 969 320 1010 illis
347 984 440 1023 arx,
466 970 548 1011 hoc
573 970 793 1024 horreum,
821 971 1052 1025 aerarium,
1079 972 1477 1025 armamentarium,
1502 972 1583 1014 hoc
1609 973 1800 1015 omnium

234 1042 376 1070 rerum
408 1029 725 1082 receptaculum
760 1032 844 1083 est,
877 1029 960 1071 huc
986 1032 1127 1072 rectus
1155 1045 1205 1071 ex
1226 1029 1373 1071 Africa
1400 1045 1547 1072 cursus
1581 1034 1662 1086 est,
1693 1031 1800 1073 haec

234 1101 319 1128 una
356 1087 470 1128 inter
506 1088 775 1141 Pyrenaeum
815 1091 857 1129 et
896 1087 1034 1130 Gades
1075 1089 1224 1143 stati03
1268 1088 1369 1130 hinc
1407 1089 1524 1131 omni
1563 1089 1798 1144 Hispaniae

164 1147 220 1187 44
235 1146 434 1187 imminet
456 1145 613 1188 Africa.
627 1146 648 1168 ’⁸
663 1147 685 1171 ’³‘
700 1147 722 1172 '³‘
738 1149 993 1189 armaverat.
1020 1162 1116 1189 cum
1136 1151 1251 1189 terra
1273 1147 1464 1202 marique
1490 1147 1646 1189 instrui
1667 1163 1798 1202 oppu-

188 1215 207 1246 2
236 1205 486 1259 gnationem
508 1205 681 1255 videret,
707 1208 750 1246 et
775 1206 866 1259 ipse
888 1207 1030 1260 copias
1057 1207 1119 1248 ita
1143 1207 1352 1261 disponit:
1380 1206 1689 1260 oppidanorum
1716 1207 1799 1249 duo

234 1355 312 1390 eine
321 1356 500 1400 priifende
510 1356 754 1401 Berechnung
762 1358 978 1402 angestellt3

232 1403 562 1447 ungewohnlicher
587 1403 783 1438 Ausdruck
810 1406 901 1439 statt
920 1416 978 1439 ra-

231 1451 362 1484 tionem
387 1451 492 1485 inire.
522 1462 550 1485 c.
578 1455 610 1494 4,
638 1454 669 1486 4.
697 1450 756 1494 23,
782 1455 838 1495 25,
860 1456 891 1486 6.
918 1451 978 1495 28,

232 1500 264 1541 8,
280 1500 311 1532 3.
338 1498 476 1542 eaeiqere
490 1514 534 1526 =
547 1497 773 1532 berechnen:
790 1510 978 1533 numerum

231 1545 381 1588 eoeiyere,
406 1544 441 1588 3,
462 1548 494 1587 5,
518 1549 571 1587 12,
592 1545 667 1579 und
688 1545 820 1589 prufen
840 1544 900 1588 34,
922 1549 978 1587 62,

234 1595 273 1625 11
296 1592 471 1636 oriyinem
492 1592 587 1627 iuris
600 1593 747 1636 exigere.
775 1591 834 1635 34,
850 1596 906 1635 31,
924 1597 977 1627 17.

278 1639 319 1673 iu
343 1650 421 1673 uua
447 1639 550 1684 urbe]
577 1639 631 1682 in,
665 1639 780 1673 durch
806 1640 881 1674 und
908 1640 978 1674 mit

231 1685 295 1719 der
315 1685 538 1728 Einnahme;
561 1686 619 1721 ein
634 1685 671 1720 in
686 1685 802 1721 Prosa
820 1687 978 1721 seltener

230 1733 435 1768 Ausdruck.
467 1733 551 1777 Vgl.
572 1733 632 1776 38,
650 1737 704 1777 14,
725 1738 744 1767 5
766 1735 813 1768 iu
832 1745 976 1768 corona

230 1790 355 1814 aurea
390 1780 430 1813 X
440 1780 471 1813 V
500 1781 638 1815 talenta
677 1781 898 1823 adserebant.
942 1781 975 1825 8,

229 1830 285 1869 34,
313 1831 332 1861 6
368 1838 437 1861 ueu
466 1828 626 1871 populus
651 1828 698 1861 iu
723 1839 764 1862 se
792 1849 832 1852 -
861 1829 975 1862 dieta—

228 1877 338 1908 torem
365 1895 407 1899 —
434 1875 653 1919 eoestinquat.

276 1931 308 1961 4.
335 1938 457 1971 reyum
488 1927 797 1973 populorumque]
829 1927 974 1963 formel-

227 1973 330 2008 hafte
383 1974 641 2018 Verbindung:
696 1974 974 2010 monarchische

230 2020 384 2056 Staaten
410 2021 485 2055 und
511 2020 757 2066 Republiken.
795 2021 855 2066 24,
875 2025 932 2064 49,
953 2026 972 2056 2

228 2078 325 2113 reyes
338 2069 563 2112 populosque
580 2068 742 2111 Africae.
770 2069 829 2113 21,
851 2073 908 2112 43,
932 2073 971 2103 11

229 2115 362 2149 incluti
382 2116 515 2158 populi
540 2125 712 2159 reqesque.

278 2171 308 2202 6.
336 2168 507 2212 nudabit]
530 2179 604 2212 erg.
625 2169 764 2211 opibus.
791 2168 851 2211 42,
875 2173 930 2211 50,
953 2174 972 2203 8

227 2215 390 2249 nudatus
410 2215 459 2249 ad
478 2218 672 2249 extremum
691 2216 829 2258 opibus.
865 2216 901 2257 9,
929 2220 969 2250 31

230 2264 272 2295 12
304 2262 434 2296 hostem
474 2263 651 2295 nudatum
689 2263 850 2296 urbibus.
904 2262 972 2297 Ge-

227 2307 415 2342 wohnlich
448 2308 514 2343 hat
545 2309 685 2343 uudare
716 2308 766 2342 im
794 2308 972 2343 Aktivum

228 2355 286 2389 die
329 2354 464 2398 Sache,
508 2355 648 2390 welche
694 2355 808 2390 durch
854 2355 962 2390 Bloss-

229 2401 362 2436 stellen
388 2402 586 2446 gefahrdet
610 2402 719 2445 wird,
752 2403 806 2437 als
835 2402 972 2447 Objekt

227 2448 288 2482 bei
314 2448 403 2483 sich.
432 2460 460 2483 c.
489 2453 544 2492 44,
573 2453 592 2483 6
612 2450 754 2483 nudata
779 2450 971 2492 defensori-

227 2496 293 2530 bus
317 2497 469 2530 moenia.
509 2507 537 2530 c.
566 2499 621 2539 45,
649 2500 669 2530 8
695 2497 837 2531 nudare
864 2499 970 2531 vada.

227 2541 287 2585 27,
317 2546 371 2585 14,
401 2547 419 2577 7
445 2544 587 2577 nudare
613 2544 733 2578 aciem.

274 2601 364 2633 quae
389 2590 472 2624 belli
496 2600 584 2624 usus
603 2590 774 2635 poscunt]
808 2601 883 2624 was
909 2590 973 2624 der

226 2635 494 2680 Kriegsbedarf
511 2637 705 2671 erheischt.
731 2637 815 2681 Vgl.
837 2636 896 2680 22,
917 2642 970 2680 12,

227 2686 247 2716 8
274 2693 362 2718 usus
387 2685 580 2718 necessarii
605 2688 747 2728 eoyuut.
792 2684 832 2727 6,
859 2688 921 2727 25,
949 2689 968 2718 9

227 2741 299 2773 qua
322 2742 491 2775 quemque
509 2742 657 2766 suorum
683 2742 814 2765 usuum
840 2742 970 2767 causae

226 2778 370 2818 ferrent.

273 2824 543 2869 dempserimus]
571 2826 656 2860 dem.
686 2842 729 2853 =
757 2836 829 2860 von
849 2824 968 2859 61116111

227 2870 377 2905 Ganzen
427 2871 534 2906 einen
587 2871 666 2907 Τ611
715 2872 968 2916 wegnehmen,

226 2917 295 2951 mit
325 2917 529 2953 Rsicksicht
558 2919 623 2952 auf
646 2919 711 2954 das
736 2919 848 2953 ihnen
874 2918 968 2953 noch

1051 1357 1183 1392 immer
1219 1358 1329 1402 fibrig
1365 1357 1581 1402 bleibende;
1623 1369 1710 1392 man
1747 1369 1800 1393 er-

1052 1406 1185 1439 wartet
1216 1405 1318 1439 eher:
1360 1405 1492 1446 adimo,
1523 1415 1599 1439 was
1632 1416 1704 1440 von
1735 1416 1797 1451 ge·

1051 1452 1282 1486 waltsamem
1317 1452 1573 1496 Wegnehmen
1611 1452 1706 1486 nach
1745 1463 1799 1487 er-

1050 1498 1207 1543 folgtem
1242 1499 1397 1543 Kampfe
1436 1499 1500 1533 das
1533 1498 1797 1534 Gewohnliche

1051 1546 1110 1580 ist.
1163 1557 1192 1581 c.
1219 1550 1280 1588 31,
1309 1550 1340 1580 9.

1100 1608 1131 1638 8.
1159 1604 1243 1638 haec
1264 1625 1307 1629 -
1328 1605 1392 1638 hoc
1412 1624 1454 1628 —-
1476 1604 1556 1650 hoe]
1578 1604 1723 1648 hieran,
1750 1616 1798 1639 an

1051 1651 1169 1686 dieser
1189 1650 1297 1686 Stadt
1316 1652 1448 1686 hatten
1463 1650 1549 1696 jene
1571 1651 1652 1686 eine
1671 1651 1796 1696 Veste,

1051 1698 1156 1733 einen
1171 1698 1357 1742 Speicher,
1380 1698 1620 1742 Schatzhaus,
1633 1698 1796 1733 Waffen-

1048 1745 1160 1789 platz.
1203 1745 1275 1788 29,
1309 1749 1371 1788 22,
1399 1749 1418 1779 3
1452 1746 1737 1780 armamentaria
1765 1749 1796 1780 et

1049 1793 1186 1826 horrea.
1227 1792 1294 1836 37,
1328 1797 1391 1835 27,
1421 1796 1437 1826 1
1466 1793 1505 1826 id
1530 1796 1607 1827 erat
1631 1793 1797 1828 horreum

1049 1839 1238 1875 Romanis.

1097 1888 1256 1920 omnium
1282 1898 1311 1920 r.
1338 1886 1615 1931 receptaculum]
1636 1886 1695 1920 ein
1716 1886 1795 1921 sta-

1048 1933 1220 1978 pelplatz.
1261 1932 1326 1976 34,
1357 1936 1418 1977 29,
1445 1937 1465 1967 2
1493 1933 1667 1979 Gythium
1693 1934 1794 1978 oppi-

1049 1981 1134 2014 dum
1172 1982 1332 2014 omnium
1369 1991 1489 2015 rerum
1527 1981 1795 2015 maritimarum

1047 2028 1345 2062 Lacedaemoniis
1369 2028 1632 2071 receptaculum
1657 2038 1737 2062 esse.
1779 2035 1781 2037 '

1094 2075 1163 2108 hue
1206 2078 1322 2109 rectus
1367 2075 1517 2119 cursus]
1567 2078 1683 2109 rectus
1731 2075 1793 2109 be-

1046 2121 1214 2156 zeichnet
1248 2121 1307 2155 die
1342 2122 1477 2166 gerade
1511 2121 1614 2155 Linie
1652 2121 1792 2156 sowohl

1046 2168 1085 2202 in
1122 2168 1386 2211 horizontaler,
1424 2168 1478 2202 als
1516 2168 1554 2202 in
1591 2167 1794 2202 vertikaler

1046 2214 1246 2259 Richtung.
1294 2215 1359 2257 21,
1399 2218 1460 2257 36,
1495 2219 1512 2247 1
1552 2217 1650 2249 recta
1686 2222 1789 2249 saxa.

1046 2261 1106 2304 38,
1133 2265 1188 2304 20,
1216 2266 1236 2295 5
1263 2265 1377 2295 rectae
1402 2272 1518 2305 prope
1542 2271 1660 2304 rupes
1704 2261 1789 2306 Vgl.

1045 2311 1137 2342 recto
1162 2309 1291 2342 itinere
1316 2324 1360 2336 -—-
1387 2308 1653 2352 geradeswegs.

1091 2355 1215 2400 statio]
1254 2355 1344 2389 hebt
1381 2355 1440 2389 die
1471 2355 1692 2400 Bedeutung
1726 2355 1790 2390 des

1045 2401 1182 2436 Hafens
1209 2402 1267 2435 fiir
1290 2401 1349 2436 die
1368 2401 1645 2446 Kriegsmarine
1665 2402 1790 2437 besser

1044 2448 1194 2491 hervor,
1227 2449 1281 2483 als
1314 2460 1351 2483 es
1378 2452 1509 2492 portus
1534 2449 1627 2483 thun
1652 2449 1788 2483 wiirde.

1045 2494 1110 2538 27,
1144 2499 1205 2538 30,
1237 2500 1257 2530 3
1290 2497 1468 2540 eqreyium
1494 2499 1644 2539 portum
1676 2499 1789 2531 tutas-

1044 2553 1110 2586 que
1134 2544 1315 2577 stationes.

1091 2589 1290 2635 imminere]
1313 2590 1386 2633 vgl.
1409 2601 1438 2624 6.
1460 2593 1492 2632 5,
1513 2593 1533 2623 4
1554 2592 1638 2632 post
1660 2589 1788 2632 Tifata

1043 2640 1211 2679 montem,
1242 2638 1482 2671 inminentem
1515 2636 1682 2679 Capuae;
1714 2646 1786 2670 von

1043 2684 1144 2728 Lage
1171 2684 1235 2718 der
1260 2683 1405 2718 Lander
1436 2683 1495 2725 24,
1521 2686 1578 2722 40,
1605 2686 1627 2716 4
1651 2683 1788 2727 (urbes)

1045 2750 1085 2754 —
1114 2731 1208 2774 quod
1233 2731 1459 2765 imminerent
1485 2730 1631 2765 Italiae.

1090 2778 1131 2811 In
1165 2777 1347 2821 jiingeren
1384 2775 1520 2810 Hdsch.
1559 2775 1655 2820 folgt
1692 2775 1784 2819 hier,

1043 2824 1096 2858 als
1116 2824 1337 2867 Erganzung
1356 2825 1520 2866 spaterer
1539 2822 1647 2856 Hand
1670 2822 1785 2857 leicht

1042 2870 1245 2913 kenntlich,
1259 2870 1319 2904 sed
1332 2870 1503 2913 quoniam
1515 2879 1576 2903 vos
1589 2870 1785 2904 instructos

1043 2921 1072 2951 et
1106 2918 1291 2951 ordinatos
1325 2926 1510 2960 cognosco,
1550 2917 1598 2950 ad
1631 2916 1784 2952 Cartha-
