1963 3308
167 169 192 187 a.
213 161 278 187 Chr.
299 168 326 185 n.
347 160 406 185 211.
692 149 836 184 LIBER
861 148 989 183 XXVI.
1043 147 1145 183 CAP.
1175 151 1228 184 19.
1665 146 1719 186 41

169 262 242 301 aut
278 260 327 300 ut
363 272 438 313 per
474 260 707 299 nocturnas
746 258 838 299 visa
875 257 1037 312 species
1077 258 1152 297 aut
1187 256 1306 297 velut
1337 254 1543 296 divinitus
1583 256 1724 296 mente

166 318 331 360 monita
364 330 513 371 agens,
552 316 640 358 sive
673 319 716 358 et
752 317 843 371 ipse
877 317 991 371 capti
1029 315 1212 370 quadam
1248 315 1549 370 superstitione
1582 314 1725 367 animi,

169 377 257 418 sive
300 379 349 418 ut
392 376 570 431 imperia
613 376 877 431 consiliaque
925 376 1043 418 velut
1092 377 1208 416 sorte
1253 374 1414 416 oraculi
1456 374 1590 415 missa
1634 373 1724 414 sine

168 436 439 478 cunctatione
478 437 817 490 exsequerentur.
886 434 939 476 ad
975 435 1057 475 hoc
1093 434 1180 475 iam
1217 433 1314 475 inde
1353 433 1405 475 ab
1445 433 1567 474 initio
1605 447 1724 486 prae·
1754 441 1768 450 ⁹

169 509 324 549 parans
358 495 542 549 animos,
574 509 624 535 ex
656 509 739 549 quo
765 496 912 548 togam
938 493 1105 534 virilem
1131 492 1331 546 sumpsit,
1361 492 1480 533 nullo
1507 492 1575 533 die
1606 492 1726 547 prius

167 554 301 595 ullam
344 554 557 608 publicam
600 553 894 607 privatamque
936 566 1026 593 rem
1065 551 1169 605 egit,
1213 565 1339 604 quam
1380 551 1425 591 in
1464 549 1726 604 Capitolium

170 613 269 667 iret,
300 614 603 668 ingressusque
637 611 783 652 aedem
813 610 1050 652 consideret
1084 612 1126 650 et
1156 609 1406 663 plerumque
1439 609 1554 650 solus
1586 610 1631 650 111
1664 625 1727 651 36-

171 674 287 714 creto
324 672 386 713 ibi
422 675 590 725 tempus
628 672 796 711 tereret.
857 669 926 710 hic
963 683 1074 722 mos,
1116 682 1241 722 quem
1278 682 1354 722 per
1385 682 1554 709 omnem
1592 669 1726 709 vitam

172 731 388 785 servabat,
415 745 489 772 seu
515 729 711 770 consulto
738 743 811 770 seu
836 731 995 769 temere
1022 727 1224 782 vulgatae
1245 727 1436 780 opinioni
1462 726 1590 768 fidem
1617 727 1728 781 apud

172 790 378 845 quosdam
397 789 511 843 fecit,
531 787 674 842 stirpis
696 802 792 829 eum
813 787 981 829 divinae
1007 787 1146 828 virum
1166 800 1271 840 esse,
1296 786 1547 841 rettulitque
1566 785 1728 827 famam

171 850 218 891 in
256 847 498 890 Alexandro
539 860 697 902 magno
741 847 858 901 prius
897 847 1135 901 vulgatam,
1179 848 1223 886 et
1264 845 1455 886 vanitate
1500 847 1543 886 et
1584 845 1730 887 fabula

172 921 335 963 parem,
373 906 525 961 anguis
563 906 764 947 immanis
798 906 1026 948 concubitu
1059 907 1330 959 conceptum,
1373 907 1414 945 et
1450 904 1496 945 in
1534 904 1730 946 cubiculo

172 966 323 1007 matris
349 966 438 1007 eius
464 965 601 1006 visam
627 979 832 1020 persaepe
858 965 1044 1021 prodigii
1070 965 1159 1005 eius
1184 964 1381 1018 speciem,
1404 964 1731 1018 interventuque

171 1025 395 1067 hominum
421 1024 637 1066 evolutam
662 1027 837 1079 repente
871 1027 997 1080 atque
1024 1038 1074 1066 ex
1104 1023 1235 1065 oculis
1264 1023 1464 1077 elapsam.
1513 1023 1580 1064 his
1605 1023 1730 1064 mira-

174 1188 290 1223 durch
305 1187 365 1222 ein
380 1188 554 1234 gewisses
574 1188 812 1223 berechnetes
826 1187 915 1222 Auf-

174 1237 296 1270 treten
317 1236 416 1270 seine
430 1235 597 1280 Vorzfige
623 1247 666 1269 zu
691 1235 821 1280 zeigen
841 1235 917 1269 ein-

175 1283 300 1327 gefibt.
339 1282 422 1327 Vgl.
444 1283 478 1325 1,
501 1286 554 1326 10,
577 1286 596 1316 5
623 1293 702 1316 cum
726 1283 835 1325 factis
860 1284 917 1317 vir

175 1330 399 1375 maynifiieus,
425 1333 500 1364 tum
525 1331 703 1372 factorum
723 1332 918 1364 ostentator

175 1378 274 1412 haud
284 1378 412 1412 minor.
424 1397 461 1402 -—
474 1387 659 1421 compono:
677 1376 916 1420 verabreden,

177 1425 326 1468 ordnen,
352 1425 559 1459 bereehnen
584 1424 651 1459 hat
676 1424 747 1459 den
773 1423 917 1469 Gegen-

177 1472 296 1516 stand,
322 1471 388 1506 auf
404 1472 476 1505 den
498 1470 576 1505 sich
597 1471 655 1506 die
675 1471 918 1516 Berechnung

175 1519 338 1562 bezieht,
365 1520 466 1554 sonet
490 1518 560 1552 mit
579 1519 628 1553 ad
652 1519 712 1553 bei
733 1518 821 1554 sich.
857 1519 917 1561 25,

177 1570 232 1611 23,
255 1570 273 1601 7
301 1577 380 1601 cum
404 1567 478 1601 iam
501 1567 697 1610 composita
722 1567 844 1600 omnia
870 1567 919 1600 ad

170 1614 415 1658 proditionem
446 1617 568 1648 essent.
621 1613 688 1648 Die
720 1613 918 1658 Wendung

176 1662 277 1696 homo
298 1661 510 1705 compositus
532 1661 573 1694 in
591 1672 664 1695 rem
684 1661 768 1705 aliq.
796 1660 918 1695 dflrfte

178 1709 256 1743 sich
280 1721 349 1743 nur
374 1709 453 1742 hier
477 1707 538 1742 bei
562 1708 639 1742 Liv.
667 1708 799 1742 finden.

225 1771 256 1802 4.
266 1771 378 1802 mente
390 1767 544 1812 monita]
557 1766 626 1801 wie
636 1777 742 1801 wenn
750 1777 822 1801 von
831 1766 921 1801 Gott

178 1815 255 1849 ihm
295 1814 376 1849 eine
413 1815 679 1859 Anmahnung,
719 1814 921 1858 Anregung
963 1822 968 1826 ·

180 1862 345 1907 gegeben
385 1861 447 1896 sei.
502 1860 587 1905 Vgl.
623 1861 655 1905 7,
689 1865 721 1904 6,
760 1865 779 1895 2
817 1862 921 1896 deum

181 1910 321 1944 monitu
346 1909 472 1953 quaeri
497 1911 667 1952 coeptum,

227 1957 300 1991 sive
330 1960 362 1990 et
392 1957 468 2000 ipse
493 1976 536 1980 —-
562 1956 635 1990 sive
665 1955 720 2001 ut]
755 1967 818 1989 zur
849 1955 921 1990 Ab·

181 2003 418 2048 wechselung
441 2003 504 2037 der
517 2002 786 2037 Konstruktion
805 2002 920 2047 vergl.

182 2061 210 2085 c.
246 2054 300 2094 13,
332 2054 354 2083 4
385 2063 418 2086 11.
451 2049 485 2094 2,
519 2054 574 2092 39,
607 2054 626 2084 6
657 2051 730 2084 sire
761 2050 924 2092 infensus

178 2098 276 2143 plebi
291 2118 333 2123 —-
348 2098 420 2132 sive
439 2101 480 2131 ut
493 2117 538 2121 —
551 2098 734 2132 discordia
754 2100 922 2132 oreretur.

230 2157 328 2200 eapti
343 2176 386 2180 —
401 2156 533 2201 animi]
550 2156 712 2191 dieselbe
727 2156 924 2200 Wendung

182 2202 218 2246 4,
244 2207 300 2246 30,
327 2207 347 2237 9
374 2203 502 2247 quibus
527 2205 693 2247 quaestui
716 2207 802 2238 sunt
826 2203 925 2247 capti

182 2251 434 2294 superstitione
464 2251 589 2284 animi.
639 2249 723 2295 Vgl.
756 2249 815 2293 25,
845 2254 875 2292 1,
903 2254 923 2284 8

184 2298 383 2340 sacrificuli
417 2308 459 2332 ac
488 2301 584 2332 vates
618 2309 688 2342 cep
698 2309 773 2332 era
781 2300 828 2332 nt
865 2298 923 2331 ho-

184 2345 323 2378 minum
341 2348 470 2379 mentes
489 2345 564 2378 und
586 2344 619 2387 8,
643 2349 697 2386 18,
715 2349 755 2379 11
781 2346 925 2389 captis

185 2402 219 2425 m
228 2392 318 2425 enti
327 2391 346 2425 b
355 2401 403 2425 us
411 2404 423 2432 ‚·
434 2391 502 2426 mit
512 2392 926 2436 kleinerVer'anderung

186 2441 323 2472 mente
336 2449 353 2472 c
361 2439 709 2483 aptus=gelahmt
719 2450 777 2473 am
789 2439 926 2482 Geiste,

187 2485 257 2519 wie
288 2485 389 2519 oculo
421 2488 565 2528 captus,
601 2487 766 2520 membris
800 2489 927 2530 captus

187 2531 361 2577 gebildet.

236 2595 268 2625 5.
294 2591 379 2624 inde
410 2590 454 2624 ab
486 2589 610 2635 initio]
637 2606 681 2618 =
707 2591 752 2625 ab
783 2592 929 2625 ineante

189 2641 320 2679 aetate;
332 2636 412 2672 dass
424 2637 486 2671 der
494 2637 648 2671 Eintritt
658 2637 696 2670 in
705 2637 769 2671 das
779 2637 929 2681 11111861·-

188 2685 285 2719 liche
294 2684 419 2719 Leben
429 2683 594 2728 gemeint
604 2683 667 2726 sei,
677 2684 791 2728 zeigt:
806 2695 849 2718 ex
860 2694 929 2728 quo

188 2735 308 2776 toyam
325 2732 464 2766 virilem
483 2732 645 2775 sumpsit.
675 2730 826 2776 Vgl.35,
840 2734 895 2774 28,
908 2734 927 2764 7

189 2779 244 2813 his
282 2779 380 2813 curis
417 2779 762 2823 cogitationibusque
793 2779 847 2812 ita
884 2778 928 2812 ab

190 2827 336 2861 ineunte
370 2828 483 2860 aetate
517 2826 679 2859 animum
716 2826 927 2870 ayitarerat.

238 2872 374 2918 aedem]
407 2872 470 2906 (163
508 2872 653 2917 Jupiter
689 2872 928 2917 Capitolinus.

192 2919 259 2953 Bei
295 2919 358 2954 der
392 2918 629 2964 Erwahnung
666 2919 729 2954 (163
765 2919 929 2964 Capitols

988 1187 1080 1222 wird
1130 1187 1225 1222 auch
1276 1188 1377 1221 sonst
1426 1187 1593 1231 templum
1637 1186 1732 1221 ohne

988 1235 1126 1269 n'ahere
1144 1233 1403 1278 Bezeichnung
1423 1236 1515 1268 statt
1539 1234 1602 1268 des
1621 1233 1732 1268 wich-

988 1282 1130 1327 tigsten
1139 1281 1322 1326 Tempels,
1343 1281 1407 1316 des
1417 1281 1562 1325 Jupiter
1581 1282 1731 1326 gesetzt.

988 1329 1073 1374 Vgl.
1101 1329 1161 1372 25,
1187 1333 1242 1371 39,
1272 1333 1313 1363 17
1340 1330 1381 1363 in
1405 1329 1543 1373 templo.

1039 1393 1070 1423 6.
1096 1389 1201 1431 fidem
1225 1388 1311 1431 feeit
1331 1409 1373 1412 —
1395 1387 1479 1433 esse]
1501 1387 1579 1422 Liv.
1600 1387 1735 1421 nimmt

990 1436 1125 1471 keinen
1149 1435 1333 1479 Anstand,
1365 1446 1437 1469 von
1473 1434 1734 1477 substantivis,

990 1483 1050 1518 die
1076 1494 1149 1518 von
1173 1483 1266 1517 verb.
1293 1483 1470 1517 sentiendi
1500 1482 1575 1516 und
1601 1482 1732 1517 declar.

991 1530 1195 1576 abgeleitet
1232 1530 1330 1573 sind,
1369 1530 1458 1564 oder
1495 1529 1607 1564 deren
1645 1529 1736 1564 Sinn

990 1579 1194 1621 vertreten‚
1228 1577 1323 1611 ohne
1355 1576 1522 1612 weiteres
1562 1576 1633 1611 (1611
1661 1587 1732 1611 acc.

990 1636 1018 1660 e.
1057 1626 1125 1668 inf.
1165 1624 1360 1669 abhangen
1397 1635 1439 1658 zu
1476 1624 1616 1667 lassen,
1660 1623 1733 1668 vgl.

991 1683 1021 1707 c.
1048 1676 1103 1715 26,
1137 1675 1156 1706 8
1190 1672 1305 1706 literis
1335 1672 1458 1714 falsis,
1492 1672 1620 1706 bellum
1652 1681 1733 1705 esse.

992 1719 1052 1763 37,
1082 1723 1136 1763 18,
1166 1723 1206 1753 12
1239 1720 1346 1754 misso
1371 1719 1621 1761 caduceatore,
1652 1718 1737 1753 velle

992 1777 1027 1802 se
1052 1767 1095 1802 de
1116 1777 1206 1811 paee
1232 1777 1346 1811 ayere.

1043 1830 1072 1861 7.
1104 1829 1135 1860 et
1171 1827 1333 1860 vanitate
1369 1829 1401 1860 et
1430 1825 1560 1868 fabula
1591 1824 1735 1869 parem]

993 1872 1031 1907 in
1069 1872 1242 1908 Hinsicht
1282 1873 1347 1907 der
1387 1871 1622 1917 Nichtigkeit
1659 1871 1738 1915 (der

995 1919 1127 1963 Sache)
1146 1920 1221 1954 und
1243 1920 1306 1954 der
1320 1919 1569 1963 Verbreitung
1582 1919 1738 1953 standen

992 1967 1102 2001 beide
1132 1967 1392 2011 Erzahlungen
1428 1966 1560 2011 gleich.
1610 1966 1658 2000 Es
1689 1965 1739 1999 ist

997 2013 1115 2048 damit
1138 2014 1242 2049 nicht
1271 2016 1420 2059 gesagt,
1457 2013 1537 2048 dass
1563 2013 1622 2047 die
1647 2013 1738 2047 Ver-

995 2061 1170 2106 breitung
1184 2061 1264 2096 eine
1279 2060 1554 2106 allgemeine
1569 2071 1738 2105 gewesen

997 2108 1066 2151 sei,
1113 2109 1208 2143 (161111
1248 2109 1332 2143 (16111
1368 2107 1626 2152 widerspricht
1662 2111 1681 2149 ξ
1717 2111 1738 2142 6

997 2156 1098 2200 apud
1146 2157 1328 2200 quosdam.
1390 2156 1460 2189 Zur
1502 2155 1618 2190 Sache
1662 2154 1737 2199 vgl.

996 2203 1093 2238 Plut.
1119 2203 1221 2238 Alex.
1250 2207 1281 2238 2.
1314 2203 1447 2238 Justin.
1477 2206 1530 2245 12,
1559 2206 1612 2237 16.

1037 2262 1205 2306 prodiyii
1228 2261 1392 2307 speeiem]
1420 2261 1544 2305 „diese
1559 2260 1739 2295 Wunder-

999 2309 1273 2354 erscbeinung“.
1295 2309 1369 2343 Der
1377 2308 1514 2343 Genius
1525 2308 1739 2342 desHauses

995 2356 1047 2390 ist
1066 2356 1240 2400 gemeint,
1262 2356 1326 2390 der
1335 2354 1401 2390 xoft
1419 2355 1456 2389 in
1473 2354 1620 2390 Gestalt
1640 2355 1741 2390 einer

998 2402 1181 2448 Schlange
1207 2402 1403 2438 erseheint.

1041 2450 1258 2496 interventu]
1268 2450 1327 2484 bei
1336 2450 1420 2484 dem
1427 2449 1499 2484 Hin
1505 2449 1741 2490 zukommen3

998 2497 1125 2542 haufig
1168 2497 1262 2532 auch
1309 2497 1369 2532 bei
1413 2497 1490 2531 Liv.
1534 2498 1741 2531 intercursu

999 2544 1059 2587 21,
1091 2548 1148 2587 46,
1183 2549 1201 2578 7
1235 2545 1442 2579 intercursu
1472 2547 1547 2578 tum
1578 2545 1741 2588 primum

997 2592 1222 2635 pubescentis
1249 2592 1330 2634 filii.

1048 2639 1222 2672 evolutam
1245 2641 1351 2682 atque
1369 2637 1542 2682 elapsam]
1564 2637 1657 2671 malt
1677 2636 1742 2670 das

1001 2685 1164 2719 schnelle
1199 2685 1276 2719 und
1313 2684 1617 2729 geheimnisvolle
1651 2682 1740 2717 Ver-

1001 2731 1213 2765 sehwinden
1238 2742 1313 2765 auS.
1330 2752 1372 2756 -
1389 2731 1465 2765 labi
1489 2730 1643 2765 stehend
1668 2740 1742 2764 von

1002 2778 1073 2812 den
1110 2778 1368 2822 Bewegungen
1411 2778 1475 2811 der
1519 2777 1740 2821 Sehlangen.

1002 2824 1067 2867 25,
1097 2828 1156 2867 16,
1183 2828 1202 2857 2
1234 2825 1282 2859 ad
1307 2827 1389 2858 eoeta
1416 2853 1422 2859 .
1445 2852 1450 2858 .
1475 2850 1482 2857 .
1509 2834 1644 2869 anyues
1669 2824 1741 2858 duo

1003 2872 1159 2915 adlapsi.
1193 2870 1253 2913 28,
1271 2875 1323 2914 11,
1340 2875 1359 2905 2
1381 2872 1422 2905 in
1442 2871 1561 2906 aedem
1581 2900 1588 2907 .
1611 2898 1618 2906 .
1641 2899 1647 2905 .
1669 2871 1741 2906 duo

997 2919 1163 2964 perlapsi
1187 2929 1330 2963 anyues.
