1963 3308
205 370 224 400 8

204 545 222 574 9

182 662 225 693 10

185 955 225 984 11

188 1248 227 1277 12

187 1307 228 1337 13

189 1542 231 1571 14

250 134 278 173 4
751 130 895 166 LIBER
921 130 1050 165 xxvi.
1104 130 1204 165 CAP.
1231 134 1263 165 2.

1656 148 1680 165 a.
1700 148 1730 165 u.
1749 140 1809 166 543.

250 242 295 283 in
333 240 603 283 contionibus
642 238 843 291 vexabat,
887 237 1045 278 multos
1082 237 1363 292 imperatores
1399 239 1643 280 temeritate
1682 242 1811 293 atque

251 300 423 341 inscitia
463 298 692 339 exercitum
729 296 774 336 in
811 295 953 337 locum
995 296 1271 350 praecipitem
1309 296 1556 350 perduxisse
1595 297 1812 352 dictitans,

251 358 465 399 neminem
503 358 673 409 praeter
705 353 781 395 Cn.
814 353 1011 395 Fulvium
1051 357 1148 395 ante
1186 354 1425 408 corrupisse
1458 356 1656 397 omnibus
1694 356 1811 397 vitiis

250 417 440 471 legiones
481 429 577 455 suas
616 428 744 467 quam
782 412 991 466 proderet.
1058 413 1203 467 itaque
1240 427 1338 454 vere
1380 413 1463 454 dici
1506 429 1649 468 posse,
1693 415 1812 468 prius

251 490 323 516 eos
362 474 523 528 perisse
563 487 691 526 quam
722 471 918 513 viderent
954 472 1142 525 hostem,
1179 486 1257 513 nec
1289 472 1341 513 ab
1375 471 1618 513 Hannibale
1651 473 1724 514 sed
1757 473 1810 514 ab

251 534 511 587 imperatore
549 546 626 572 suo
665 531 801 572 victos
840 544 942 571 esse.
1003 531 1235 584 neminem,
1274 545 1368 572 cum
1402 531 1650 585 suffragium
1684 532 1813 585 ineat,

252 592 357 633 satis
403 605 589 643 cernere,
635 589 701 630 cui
743 589 989 643 imperium,
1034 589 1101 630 cui
1140 589 1372 630 exercitum
1409 590 1645 642 permittat.
1712 590 1813 644 quid

251 649 496 692 interfuisse
516 650 629 689 inter
648 648 711 689 Ti.
732 646 1031 701 Sempronium
1051 651 1087 689 et
1107 647 1178 690 Gn.
1198 648 1245 689 F
1241 648 1427 689 alsium?
1450 648 1513 690 Ti.
1527 647 1813 701 Seiiiproniicm

253 724 348 751 cum
376 709 414 750 ei
442 722 663 749 servorum
690 706 900 748 exercitus
928 706 1051 747 datus
1078 709 1201 760 esset,
1230 706 1347 747 brevi
1374 706 1562 748 effecisse
1589 706 1814 761 disciplina

253 770 381 823 atque
408 767 604 821 imperio,
636 768 683 806 ut
708 779 834 806 nemo
863 779 1009 806 eorum
1041 765 1210 819 generis
1237 779 1285 806 ac
1312 765 1533 819 sanguinis
1560 766 1627 806 sui
1652 779 1816 806 memor

253 828 298 868 in
331 827 419 867 acie
453 828 582 878 esset,
621 823 834 877 praesidio
869 824 1013 877 sociis,
1044 824 1243 865 hostibus
1276 824 1431 865 terrori
1463 826 1622 877 essent3
1657 822 1813 865 Cumas

252 885 545 926 Beneventum
591 883 783 936 aliasque
827 882 954 922 urbes
992 896 1064 923 eos
1108 882 1223 923 velut
1260 897 1281 923 e
1320 881 1512 923 faucibus
1551 882 1814 924 Hannibalis

255 947 421 998 ereptas
454 942 613 997 populo
640 941 836 982 Romano
863 940 1123 982 restituisse:
1169 939 1243 982 Cn.
1263 940 1462 982 Fulvium
1484 941 1714 990 Quiritium
1733 940 1817 982 Ro-

253 1017 477 1044 manorum
505 1001 758 1052 exercitum,
789 999 967 1040 honeste
1001 1000 1188 1054 genitos,
1220 999 1456 1040 liberaliter
1485 1000 1703 1053 educatos,
1736 1013 1819 1040 ser-

254 1062 410 1102 vilibus
456 1060 573 1101 vitiis
617 1059 835 1099 imbuisse.
904 1072 1005 1112 ergo
1045 1058 1234 1099 effecisse
1273 1061 1319 1099 ut
1358 1058 1519 1099 feroces
1559 1061 1602 1099 et
1638 1058 1818 1112 inquieti

254 1120 366 1161 inter
404 1119 560 1172 socios,
604 1117 751 1172 ignavi
789 1120 830 1158 et
868 1117 1061 1158 imbelles
1098 1117 1210 1157 inter
1252 1117 1397 1158 hostes
1438 1119 1581 1157 essent
1621 1130 1699 1157 nec
1742 1116 1818 1157 im-

254 1180 403 1232 petum
441 1177 568 1219 modo
606 1176 868 1225 Poenorum,
914 1175 985 1216 sed
1026 1190 1079 1216 ne
1115 1175 1354 1225 ,clamorem
1399 1174 1569 1229 quidem
1607 1175 1819 1216 sustinere

254 1239 442 1291 possent.
492 1249 570 1276 nec
602 1235 773 1276 hercule
806 1234 962 1275 mirum
995 1248 1087 1275 esse
1114 1234 1291 1275 cessisse
1324 1234 1483 1275 milites
1515 1234 1559 1275 in
1585 1233 1692 1287 acie,
1724 1248 1820 1275 cum

255 1297 417 1350 primus
459 1294 650 1336 omnium
689 1294 923 1347 imperator
966 1292 1152 1347 fugeret,
1197 1292 1337 1347 magis
1380 1292 1526 1333 mirari
1569 1306 1614 1333 se
1653 1292 1819 1346 aliquos

258 1357 419 1396 stantes
453 1353 671 1406 cecidisse,
711 1355 752 1392 et
789 1366 876 1393 non
909 1366 1055 1392 omnes
1088 1351 1266 1392 comites
1300 1349 1374 1393 Cn.
1406 1350 1547 1392 Fulvii
1584 1350 1717 1392 fuisse
1749 1365 1821 1405 pa-

257 1414 370 1454 voris
416 1427 464 1454 ac
506 1412 647 1465 fugae.
715 1410 759 1453 C.
797 1410 1071 1463 Flaminium,
1116 1409 1161 1450 L.
1206 1410 1405 1464 Paulum,
1449 1409 1495 1450 L.
1539 1409 1821 1464 Postumium,

258 1471 333 1514 Cn.
361 1486 409 1513 ac
434 1471 479 1512 P.
507 1470 727 1524 Scipiones
754 1469 902 1510 cadere
935 1469 980 1509 in
1007 1469 1097 1510 acie
1123 1468 1326 1510 maluisse
1359 1483 1486 1523 quam
1519 1467 1711 1509 deserere
1741 1468 1821 1509 cir-

258 1533 508 1572 cumventos
542 1529 767 1570 exercitus:
801 1526 876 1569 Cn.
901 1526 1100 1568 Fulvium
1131 1541 1265 1581 prope
1298 1542 1429 1569 unum
1459 1527 1661 1568 nuntium
1693 1526 1820 1567 deleti

260 1590 469 1631 exercitus
502 1588 683 1629 Romam
716 1587 886 1628 redisse.
943 1586 1109 1627 facinus
1145 1585 1370 1641 indignum
1403 1600 1512 1640 esse,
1551 1583 1821 1626 Cannensem

260 1717 400 1751 lautete
414 1716 592 1749 zunachst
604 1714 670 1749 auf
681 1714 868 1748 schlechte
885 1715 1004 1748 Amts-

262 1764 425 1806 ffihrung
451 1761 526 1796 und
551 1761 712 1796 forderte
734 1771 806 1795 von
825 1760 903 1794 ihm
925 1760 1005 1795 eine

263 1809 462 1845 Geldbusse
490 1820 519 1842 c.
547 1812 578 1851 3,
606 1812 637 1843 7.

309 1858 350 1892 in
382 1856 491 1901 cont]
525 1855 632 1890 Nach
665 1854 730 1888 der
762 1856 883 1889 ersten
914 1853 1004 1888 Vor-

262 1904 403 1948 ladung
441 1902 624 1946 erfolgten
661 1901 776 1936 durch
814 1902 886 1935 (liei
918 1911 1005 1944 pro-

262 1952 373 1986 dictio
410 1949 489 1984 drei
515 1949 662 1984 weitere
689 1948 1006 1992 Verhandlungen

263 2009 329 2032 vor
354 1997 438 2031 dem
465 1996 595 2031 Volke.
646 1995 720 2029 Der
740 1995 864 2029 lnhalt
885 1995 949 2029 der
968 1994 1006 2028 in

264 2044 390 2079 diesen
417 2042 614 2077 Terminen
641 2043 915 2086 (accusationes)
936 2052 1007 2076 von

1079 1713 1302 1758 Vollbfirger
1341 1711 1393 1746 im
1430 1712 1638 1756 Gegensatz
1674 1724 1717 1746 zu
1749 1711 1821 1747 den

1080 1759 1243 1795 Sklaven
1270 1759 1332 1793 des
1359 1759 1418 1794 Gr.
1445 1758 1680 1794 bezeichnen.

1125 1819 1206 1853 hon.
1232 1829 1309 1862 ⁸qen.
1331 1818 1391 1852 lib.
1417 1818 1532 1861 edua]
1558 1818 1591 1852 h.
1610 1828 1643 1862 9.
1664 1829 1697 1851 u.
1720 1818 1741 1852 l.
1768 1819 1821 1853 ed.

1077 1865 1305 1899 bezeichnen
1320 1865 1379 1898 die
1393 1864 1526 1898 beiden
1541 1864 1821 1909 Hauptpunkte,

1080 1912 1146 1946 auf
1164 1912 1282 1946 denen
1303 1910 1516 1945 dieCivitat
1527 1910 1678 1954 beruht3
1704 1911 1823 1946 tadel—

1078 1959 1155 1994 lose
1183 1958 1324 1993 Geburt
1354 1958 1429 1992 und
1461 1957 1712 2003 Vermeidung
1744 1959 1823 1993 ent-

1082 2006 1260 2041 ehrender
1286 2005 1496 2049 Handlung.

264 2091 336 2126 den
360 2089 548 2124 Tribunen
574 2088 649 2122 und
676 2088 754 2122 Ful.
783 2088 1007 2132 gehaltenen

265 2138 446 2173 contiones
464 2136 513 2171 ist
529 2147 556 2170 c.
573 2139 605 2178 2,
624 2138 726 2177 6-3,
742 2138 763 2168 4
778 2145 1008 2169 zusammen—

264 2183 408 2229 gefafst.

314 2235 368 2266 10.
395 2241 411 2265 e
440 2230 612 2273 faucibus
642 2228 826 2273 Hannib]
859 2228 923 2262 der
955 2227 1009 2262 als

266 2277 421 2313 bildlich
436 2277 552 2311 durch
566 2276 660 2310 velut
674 2275 1009 2320 gekennzeichnete

265 2324 459 2359 Ausdruck
484 2323 594 2357 kehrt
620 2322 659 2356 in
680 2321 800 2356 dieser
818 2321 929 2356 Form
950 2321 1009 2355 bei

265 2371 343 2406 Liv.
376 2371 480 2405 nicht
520 2369 656 2404 wieder
690 2368 804 2412 (wohl
830 2369 917 2403 aber
948 2367 1009 2402 bei

267 2417 373 2462 Cic.)3
414 2417 510 2452 doch
544 2416 594 2450 ist
631 2416 695 2450 der
720 2415 917 2460 Vergleich
955 2426 1009 2448 er-

266 2464 439 2500 bitterter
464 2463 602 2498 Feinde
628 2462 697 2497 mit
721 2462 857 2496 wilden
877 2461 1010 2496 Tieren

268 2511 371 2546 nicht
404 2511 532 2546 selten.
584 2520 613 2543 c.
644 2513 697 2553 13,
733 2513 785 2544 12.
813 2520 842 2543 c.
871 2513 926 2552 27,
956 2512 1009 2542 12.

266 2559 363 2592 velut
388 2558 486 2600 feras
512 2557 642 2591 bestias
655 2567 724 2600 per
744 2566 850 2600 αρν-οε
869 2556 1010 2600 vayari.

318 2609 371 2639 11.
387 2604 584 2649 Quiritium
594 2603 657 2648 R]
672 2602 886 2644 auffallend‚
895 2603 942 2637 da
953 2602 1012 2636 die

268 2652 405 2687 Romer
431 2651 599 2693 Quiriten
630 2650 669 2684 in
695 2650 765 2684 den
796 2649 1013 2684 friedlichen

268 2698 527 2743 Beziehungen
559 2697 622 2732 des
656 2696 914 2741 burgerlichen
946 2696 1012 2731 Le·

268 2746 359 2780 bens
396 2746 560 2790 genannt
597 2756 641 2778 zu
672 2743 818 2779 werden
849 2743 1010 2788 pflegen;

270 2792 329 2833 45,
356 2796 413 2834 37,
428 2796 470 2826 14
491 2802 553 2826 ozee
581 2791 740 2836 Quirites
765 2801 836 2832 vos,
861 2792 921 2825 sed
946 2791 1010 2825 mi-

270 2839 348 2872 lites
373 2839 495 2873 videor
522 2839 782 2882 appellaturus.
827 2837 916 2872 Hier
941 2837 1011 2871 soll

271 2883 431 2926 Quirites
447 2884 505 2919 die
514 2885 700 2929 Legionen
715 2884 778 2919 des
787 2884 824 2919 F.
835 2884 890 2919 als
902 2884 1010 2918 achte

1126 2075 1189 2099 ozee
1222 2064 1326 2098 modo
1352 2084 1394 2088 —
1420 2064 1480 2097 sed
1511 2073 1555 2097 ne
1586 2063 1743 2108 quidem]
1777 2080 1821 2092 =

1079 2115 1111 2146 et
1144 2121 1218 2146 non
1248 2111 1350 2145 modo
1381 2120 1456 2144 non
1487 2129 1530 2134 —
1562 2120 1588 2144 s.
1621 2121 1657 2144 n.
1690 2121 1720 2153 q.
1747 2111 1820 2154 vgl.

1080 2157 1141 2199 22,
1172 2160 1228 2201 28,
1261 2161 1293 2191 5.
1333 2156 1393 2200 25,
1428 2159 1483 2199 15,
1515 2160 1546 2191 2.
1586 2155 1645 2200 28,
1682 2159 1739 2199 29,
1768 2161 1822 2192 11.

1080 2204 1156 2239 und
1195 2214 1234 2238 so
1271 2202 1524 2248 regelm'assig,
1565 2214 1671 2237 wenn
1714 2202 1822 2238 beide

1081 2250 1311 2332 {abzglieder
1342 2249 1610 2294 gemeinsames
1642 2249 1825 2285 Pr'adikat

1109 2309 1130 2332 a
1158 2308 1213 2332 en.

1132 2360 1185 2391 12.
1213 2357 1353 2390 cessisse
1378 2366 1421 2389 m.
1457 2356 1498 2389 in
1523 2355 1615 2400 acie]
1642 2355 1823 2390 Gewohn-

1082 2403 1157 2438 lich
1182 2404 1344 2438 excedere
1371 2402 1448 2437 acie
1467 2413 1496 2436 c.
1518 2406 1573 2446 25,
1596 2406 1650 2438 12.
1677 2401 1739 2445 31,
1769 2406 1822 2446 17,

1083 2454 1115 2484 9.
1143 2449 1254 2484 sowie
1281 2450 1354 2484 loeo
1381 2450 1499 2484 cedere
1518 2448 1578 2493 24,
1601 2452 1655 2493 14,
1670 2453 1701 2485 7.
1728 2449 1825 2484 doch

1084 2498 1168 2542 sagt
1192 2497 1269 2532 Liv.
1297 2496 1356 2539 22,
1373 2500 1428 2538 59,
1444 2499 1474 2531 9.
1495 2496 1657 2540 refugere
1675 2497 1716 2530 in
1735 2496 1822 2532 acie.

1135 2559 1188 2589 14.
1214 2555 1361 2598 redisse]
1389 2554 1448 2588 die
1481 2565 1599 2598 zusgz.
1625 2553 1734 2588 Form
1759 2554 1824 2588 des

1085 2602 1151 2636 Inf.
1184 2602 1278 2636 Perf.
1312 2601 1393 2635 Act.
1431 2601 1521 2635 statt
1557 2601 1641 2635 iisse
1677 2599 1727 2634 ist
1763 2599 1824 2634 bei

1084 2649 1162 2684 Liv.
1189 2647 1479 2684 ausschliesslich
1503 2647 1554 2680 im
1581 2646 1786 2681 Gebrauch.

1130 2696 1278 2739 facinus
1319 2693 1478 2738 indigni]
1532 2693 1707 2728 stehende
1758 2693 1822 2728 liv.

1082 2743 1237 2778 Phrase:
1254 2742 1306 2775 ‘es
1320 2741 1372 2775 sei
1385 2739 1822 2784 schandlich',37,32,11.

1084 2790 1219 2824 clamor
1243 2788 1403 2832 undique
1427 2790 1478 2821 est
1501 2787 1676 2829 sublatus,
1703 2787 1822 2832 indiq-

1083 2847 1169 2870 mim
1199 2836 1346 2878 facinus
1371 2844 1451 2869 esse.
1501 2833 1535 2876 2,
1561 2837 1617 2877 29,
1644 2838 1676 2870 3.
1702 2834 1824 2879 indiq-

1083 2894 1170 2917 mim
1194 2883 1265 2925 fac.
1292 2891 1362 2917 esse
1387 2881 1590 2916 clamantes.
