1963 3308
171 1437 228 1477 40

240 154 296 195 84
676 152 820 188 LIBER
845 152 974 187 XXVI.
1026 151 1126 187 CAP.
1155 156 1210 187 39.
1239 156 1293 187 40.

1641 170 1666 188 a.
1689 170 1717 188 u.
1736 163 1798 189 544.

169 273 211 304 18
238 264 412 317 repente
434 264 475 302 et
502 261 588 302 alia
615 275 639 300 a
664 273 806 313 puppe
833 259 1020 300 triremis
1046 258 1238 300 hostium
1259 260 1472 313 apparuit.
1515 260 1576 301 ita
1594 260 1639 301 in
1661 259 1800 302 medio

239 321 528 363 circumventa
547 318 743 360 Romana
768 318 891 359 navis
919 317 1098 371 capitur.
1144 316 1244 359 hinc
1270 318 1420 359 ceteris
1446 320 1585 361 terror
1608 319 1804 374 iniectus,

239 380 313 421 ubi
337 377 599 433 praetoriam
618 391 772 419 navem
799 377 970 430 captam
990 375 1150 429 videre3
1176 375 1476 431 fugientesque
1502 378 1664 432 passim
1690 377 1800 419 aliae

238 439 283 479 in
321 437 408 479 alto
447 450 630 489 mersae,
669 435 778 477 aliae
811 435 855 476 in
892 437 1053 476 terram
1084 435 1213 476 remis
1253 435 1455 501 abreptae
1487 450 1586 477 mox
1619 436 1801 491 praedae

171 507 211 537 19
239 496 357 538 fuere
389 495 592 537 Thurinis
624 494 1027 549 Metapontinisque.
1081 508 1132 534 ex
1164 494 1389 548 onerariis,
1421 509 1529 549 quae
1560 509 1657 537 cum
1689 509 1802 537 com-

238 557 384 597 meatu
418 555 725 609 sequebantur,
762 567 1002 607 perpaucae
1040 553 1085 593 in
1123 555 1381 607 potestatem
1418 552 1609 595 hostium
1639 568 1804 609 venere,

241 614 352 656 aliae
385 613 438 654 ad
470 614 655 655 incertos
682 615 832 654 ventos
864 611 965 654 hinc
992 614 1119 666 atque
1145 612 1263 653 illinc
1290 611 1467 666 obliqua
1496 611 1802 655 transferentes

240 673 337 715 vela
368 672 412 713 in
445 673 582 714 altum
615 674 785 714 evectae
818 672 930 712 sunt.

358 730 642 786 Nequaquam
680 731 772 785 pari
810 730 985 771 fortuna
1022 743 1098 783 per
1129 743 1200 771 eos
1243 729 1331 770 dies
1364 713 1540 770 Tarenti
1571 744 1639 771 res
1671 731 1805 784 gesta.

241 805 343 832 narn
389 790 441 831 ad
486 792 689 855 quattuor
725 788 845 829 milia
882 788 1107 830 hominum
1143 788 1456 829 frumentatum
1499 801 1671 843 egressa
1709 802 1805 830 cum

172 859 214 889 21
242 850 287 890 111
320 850 435 904 agris
468 849 630 903 passim
663 849 943 902 vagarentur,
975 846 1144 901 Livius,
1177 847 1250 902 qui
1283 847 1369 888 arci
1401 847 1700 902 praesidioque
1720 846 1804 890 Ro-

240 921 368 949 mano
413 909 628 961 praeerat,
679 906 868 947 intentus
913 906 959 946 in
1003 919 1149 946 omnes
1195 906 1444 947 occasiones
1487 906 1697 961 gerendae
1741 906 1805 948 rei

241 965 286 1008 C.
309 966 504 1007 Persium
536 966 772 1020 impigrum
805 964 942 1005 virum
976 978 1071 1005 cum
1104 963 1268 1005 duobus
1301 964 1474 1006 milibus
1501 968 1545 1006 et
1574 965 1807 1018 quinyentis

171 1035 214 1066 22
243 1027 507 1066 armatorum
533 1039 583 1065 ex
612 1038 707 1066 arce
735 1024 896 1073 emisit,
928 1023 1001 1077 qui
1032 1036 1140 1078 vage
1168 1023 1324 1065 effusos
1356 1037 1432 1077 per
1458 1038 1585 1079 agros
1617 1024 1806 1078 palatos-

242 1098 322 1139 que
356 1084 531 1126 adortus
565 1098 661 1125 cum
693 1083 764 1124 diu
795 1082 960 1137 passim
992 1081 1233 1133 cecidisset,
1272 1097 1430 1136 paucos
1464 1096 1516 1123 ex
1546 1083 1692 1124 multis
1723 1085 1806 1124 tre-

241 1143 343 1196 pida
380 1143 484 1198 fuga
527 1141 760 1184 incidentes
800 1141 1068 1195 semiapertis
1113 1142 1336 1195 portarum
1374 1140 1538 1182 foribus
1576 1141 1620 1181 in
1657 1141 1808 1183 urbem

243 1202 467 1256 compulit,
493 1216 570 1243 nec
596 1200 771 1243 multum
796 1200 923 1254 afuit,
950 1201 1052 1253 quin
1078 1200 1180 1241 urbs
1208 1200 1357 1242 eodem
1383 1200 1547 1254 impetu
1574 1201 1807 1254 caperetur.

241 1319 344 1361 tinis
391 1319 510 1361 mari.

244 1378 453 1420 frustrata
485 1378 659 1432 pariter.

171 1271 214 1301 ‘23
242 1261 303 1302 ita
329 1262 538 1315 aequatae
564 1274 631 1301 res
659 1259 713 1301 ad
732 1258 979 1314 Tarentum,
1004 1258 1211 1300 Romanis
1237 1258 1474 1300 victoribus
1499 1260 1626 1312 terra,
1651 1258 1807 1301 Taren-

578 1318 783 1359 frumenti
822 1332 935 1372 spes,
981 1332 1088 1372 quae
1133 1318 1177 1359 in
1221 1317 1354 1359 oculis
1401 1317 1560 1371 fuerat,
1604 1319 1808 1372 utrosque

363 1437 445 1478 Per
478 1437 589 1478 idem
622 1440 790 1490 tempus
811 1434 1022 1476 Laevinus
1050 1435 1216 1489 consul,
1248 1436 1335 1476 iam
1368 1449 1528 1490 magna
1560 1437 1681 1489 parte
1708 1435 1808 1477 anni

243 1496 519 1550 circumacta,
559 1496 602 1536 111
641 1494 831 1536 Siciliam
871 1494 1083 1536 veteribus
1121 1495 1330 1548 novisque
1370 1494 1497 1536 sociis
1537 1495 1807 1548 exspectatus

243 1569 340 1596 cum
373 1555 578 1608 venisset,
609 1554 796 1608 primum
829 1568 878 1594 ac
909 1552 1184 1607 potissimum
1216 1553 1408 1595 omnium
1441 1556 1560 1594 ratus
1585 1551 1807 1606 Syracusis

195 1624 215 1654 2
242 1628 354 1655 nova
391 1628 496 1668 pace
534 1612 774 1655 inconditas
806 1625 1060 1666 componere
1092 1626 1178 1665 res,
1217 1612 1503 1667 Agrigentum
1535 1611 1652 1665 inde,
1694 1612 1808 1666 quod

244 1673 346 1714 belli
389 1673 602 1727 reliquum
646 1675 738 1713 erat
780 1671 1091 1725 tenebaturque
1137 1685 1162 1711 a
1200 1669 1622 1725 Carthaginiensium
1665 1670 1806 1712 valido

196 1743 216 1773 3
243 1731 476 1785 praesidio,
514 1730 635 1772 duxit
670 1731 874 1785 legiones.

243 1882 310 1917 auf
340 1883 404 1916 der
430 1881 566 1916 Flucht
591 1881 836 1926 Bedr'angten
878 1892 905 1915 c.
934 1885 990 1921 40,

245 1934 287 1965 17
320 1930 594 1975 conylobaverat
625 1929 890 1973 Aqathyrnam.
929 1926 991 1972 22,

244 1981 276 2021 5,
303 1980 323 2011 8
346 1977 423 2019 fors
443 1977 641 2021 conylobat.
668 1975 800 2018 25,15,
818 1979 908 2010 15u.
926 1974 987 2010 oft.

292 2027 346 2059 18.
368 2024 491 2058 ceteris
510 2027 626 2058 terror
645 2022 815 2067 iniectus]
837 2022 905 2057 wie
927 2025 946 2064 ξ
970 2026 989 2056 9

245 2081 319 2105 von
351 2071 422 2105 den
447 2070 647 2104 Menschen
680 2069 745 2104 auf
767 2069 826 2104 die
854 2069 989 2104 Schiffe

242 2118 477 2162 fibertragen.

290 2165 331 2199 in
368 2168 502 2199 terram
539 2165 646 2198 remis
678 2163 868 2208 abreptae]
903 2174 989 2197 man

243 2210 326 2246 liess
353 2211 413 2246 die
429 2210 565 2245 Schiffe
591 2210 791 2244 auflaufen.
829 2210 912 2253 Vgl.
928 2209 987 2252 22,

246 2262 300 2301 19,
319 2262 360 2293 12
382 2259 421 2292 in
442 2259 530 2292 litus
545 2284 551 2291 .
567 2284 573 2291 .
591 2286 597 2292 .
615 2267 724 2292 naves
744 2260 900 2301 eyerant.
928 2256 989 2300 30,

243 2309 300 2348 25,
321 2308 342 2340 8
369 2306 585 2340 concitatam
604 2304 698 2339 enim
723 2304 830 2338 remis
854 2307 989 2348 quanto

242 2353 402 2387 maximo
427 2353 562 2396 impetn
582 2354 766 2396 poterant,
791 2352 832 2385 in
857 2354 990 2385 terram

243 2410 324 2433 cnm
348 2400 587 2433 immisissent.

293 2449 347 2481 19.
367 2446 514 2490 obliqua
532 2446 788 2487 transferentes
813 2444 906 2489 vela]
929 2443 989 2478 die

244 2492 354 2537 Segel
379 2493 467 2527 bald
493 2493 530 2526 in
557 2493 687 2534 dieser,
714 2491 801 2526 bald
826 2491 864 2525 in
885 2491 990 2536 jener

243 2539 434 2583 Richtung
466 2539 639 2583 stellend,
672 2538 875 2580 lavim-end,
914 2538 988 2582 vgl.

243 2586 390 2631 Vergil:
415 2587 602 2631 obliquare
620 2587 698 2621 vela
723 2587 764 2620 in
788 2589 941 2620 ventum.

292 2637 349 2668 21.
375 2633 551 2679 intentus]
574 2633 643 2667 mit
662 2634 714 2675 in,
735 2633 783 2668 ad
809 2632 884 2667 und
905 2632 989 2666 dem

243 2680 358 2716 Dativ
378 2680 637 2725 gleichm'assig
657 2680 712 2714 oft
730 2679 790 2714 bei
810 2679 888 2715 Liv.
911 2691 989 2714 ver-

242 2727 410 2763 bunden:
444 2728 493 2762 ad
525 2739 554 2763 c.
581 2731 644 2771 44,
671 2731 702 2761 2.
730 2738 759 2761 c.
788 2731 852 2770 46,
885 2730 915 2762 2.
949 2728 990 2761 in

245 2786 274 2809 c.
302 2779 359 2819 46,
385 2778 418 2810 4.

293 2825 348 2858 22.
368 2832 457 2866 vaye
475 2823 605 2865 effusos
620 2842 663 2846 —
680 2822 826 2865 palatos
845 2841 885 2845 —
901 2831 988 2865 pas-

244 2868 327 2913 sim]
348 2869 439 2903 hebt
459 2868 531 2903 den
545 2868 687 2913 Begriff
702 2869 765 2903 des
786 2868 988 2902 Zerstreut-

246 2914 341 2949 seins
367 2915 405 2948 in
429 2915 568 2950 breiter
592 2915 718 2950 Weise
745 2915 884 2950 hervor.

932 1732 978 1771 et
1016 1729 1152 1770 adfuit
1189 1730 1365 1771 fortuna
1406 1730 1590 1783 incepto.

1651 1728 1807 1771 Hanno

1112 1879 1809 1925 c.40.BeendigungdesKrieges

1064 1927 1108 1962 in
1136 1927 1337 1962 Sicilien.

1115 1979 1145 2009 1.
1162 1975 1270 2009 sociis
1284 1975 1524 2020 eaespeetatus]
1541 1975 1614 2010 Der
1621 1974 1735 2009 Dativ
1743 1974 1808 2009 der

1063 2021 1297 2056 handelnden
1323 2021 1463 2056 Person
1487 2021 1588 2057 beim
1612 2021 1741 2056 Passiv
1758 2020 1809 2056 ist

1062 2069 1124 2103 bei
1165 2068 1242 2104 Liv.
1279 2069 1319 2102 in
1360 2068 1448 2103 weit
1483 2067 1685 2113 grosserem
1722 2069 1809 2108 Um-

1063 2116 1173 2160 fange
1212 2116 1267 2150 als
1302 2115 1364 2150 bei
1396 2115 1522 2150 Cicero
1554 2115 1807 2160 angewendet,

1063 2162 1289 2197 namentlich
1338 2173 1459 2205 wenn,
1501 2161 1568 2196 wie
1606 2161 1702 2203 hier,
1748 2161 1809 2196 ein

1062 2210 1243 2244 Interesse
1270 2209 1334 2243 der
1358 2209 1496 2243 Person
1522 2219 1569 2243 an
1595 2208 1661 2242 der
1682 2208 1808 2243 Hand-

1062 2256 1154 2301 lung
1190 2255 1408 2290 bezeichnet
1445 2255 1593 2290 werden
1628 2255 1707 2290 soll.
1746 2254 1807 2298 22,

1064 2306 1118 2345 14,
1141 2306 1161 2337 9
1188 2303 1291 2337 nobis
1316 2303 1473 2338 dictator
1492 2303 1623 2337 unicus
1641 2322 1684 2327 —
1703 2313 1810 2348 quae-

1061 2351 1164 2384 situs.

1106 2397 1267 2440 primum
1300 2407 1342 2431 ac
1373 2397 1624 2442 potissimum]
1657 2395 1809 2431 formel-

1062 2443 1158 2486 haft,
1203 2443 1343 2478 sowohl
1380 2443 1431 2477 im
1470 2443 1715 2488 Komparativ
1753 2443 1808 2478 als

1064 2490 1286 2534 Superlativ.
1328 2490 1482 2534 21,11,
1509 2495 1529 2525 6
1556 2492 1719 2535 primum
1744 2493 1809 2525 aut

1057 2538 1297 2591 potissimum.
1338 2537 1397 2581 23,
1425 2541 1482 2582 28,
1511 2542 1527 2572 1
1557 2538 1694 2572 Italiae
1719 2547 1809 2572 ewra

1057 2585 1165 2629 prior
1184 2585 1386 2629 potiovffque

1109 2642 1204 2666 noia
1227 2643 1316 2676 pace
1334 2632 1542 2667 inconditas
1560 2630 1630 2676 res]
1651 2629 1725 2674 vgl.
1745 2628 1806 2672 24,

1062 2682 1119 2722 24,
1145 2683 1165 2713 2
1192 2679 1278 2713 dum
1309 2679 1457 2714 turbata
1485 2678 1609 2713 omnia
1633 2676 1728 2711 nova
1753 2680 1807 2710 at-

1062 2737 1129 2770 que
1143 2726 1333 2761 incondita
1338 2736 1431 2770 pace
1443 2728 1564 2760 essent.
1594 2723 1662 2758 Die
1676 2723 1808 2758 Unter-

1063 2773 1231 2817 werfung
1249 2773 1356 2817 (pax)
1376 2783 1452 2806 war
1472 2771 1618 2815 erfolgt,
1638 2769 1727 2805 aber
1748 2769 1807 2805 die

1062 2818 1316 2854 Verh'altnisse
1336 2818 1473 2863 infolge
1498 2817 1691 2852 derselben
1710 2818 1808 2852 noch

1061 2866 1165 2900 nicht
1188 2864 1429 2900 hinreichend
1453 2864 1641 2910 geordnet.

1109 2916 1139 2946 3.
1167 2915 1198 2946 et
1223 2912 1366 2957 adfuit]
1403 2912 1499 2946 ‘und
1531 2911 1733 2946 wirklich’.
1774 2914 1807 2946 et
