1963 3308
684 137 825 172 LIBER
851 136 983 172 XXVI.
1035 136 1136 172 CAP.
1164 140 1195 173 7.
1217 141 1248 172 8.
1680 136 1735 178 15

168 155 194 175 a.
216 147 281 174 Chr.
301 155 330 172 n.
352 148 413 173 211.

172 245 321 286 derent
359 245 541 299 animos3
586 244 811 286 bolerando
855 259 1013 299 paucos
1055 244 1144 286 dies
1188 246 1326 286 totam
1365 244 1581 286 soluturos
1621 245 1734 286 obsi-

172 304 353 345 dionem.
409 303 507 344 inde
539 318 671 345 naves
704 304 749 344 in
779 303 952 345 flumine
982 303 1196 345 Vulturno
1230 302 1558 357 comprehensas
1591 303 1734 358 subigi
1761 316 1780 346 9

171 362 223 403 ad
261 361 305 402 id
336 362 448 416 quod
486 363 573 403 iam
607 365 704 404 ante
742 362 944 416 praesidii
975 377 1105 404 causa
1140 362 1302 403 fecerat
1334 361 1560 403 castellum
1598 362 1733 404 iussit.

171 435 352 475 quarum
389 420 463 461 ubi
500 423 666 462 tantam
705 421 872 475 copiam
911 435 1019 473 esse,
1057 423 1105 461 ut
1141 435 1225 461 una
1261 423 1388 462 nocte
1426 420 1551 462 1113161
1587 423 1734 475 posset

170 479 398 529 exercitus,
440 479 634 520 adlatum
667 484 750 533 est,
787 479 958 520 cibariis
992 479 1136 520 decem
1170 479 1332 519 dierum
1364 480 1631 533 praeparatis
1665 479 1732 521 de·
1761 491 1804 522 10

170 538 317 579 ductas
349 540 474 579 nocte
507 539 559 579 ad
590 538 767 579 fluvium
800 537 990 591 legiones
1025 539 1124 577 ante
1156 537 1293 577 lucem
1325 537 1504 578 traiecit.

289 596 338 637 Id
370 597 619 651 priusquam
650 596 787 648 fieret,
818 596 880 635 iba
911 596 1102 636 futurum
1130 597 1393 648 compertum
1419 609 1469 636 ex
1494 596 1732 652 transfugis
1753 599 1778 640 8

169 654 345 696 Fulvius
377 655 554 696 Flaccus
593 655 759 694 senatui
789 653 972 695 Romam
1011 667 1107 694 cum
1145 653 1404 707 scripsisset,
1444 654 1562 695 varie
1599 656 1733 696 animi

169 713 392 755 hominum
424 727 501 767 pro
535 713 737 767 cuiusque
770 711 943 767 ingenio
977 711 1132 753 adfecti
1158 715 1268 753 sunt.
1318 714 1367 753 ut
1392 713 1436 753 in
1461 727 1507 754 re
1533 715 1622 753 tam
1647 716 1731 755 tre-
1758 725 1777 755 2

169 772 270 826 pida
295 774 443 813 senatu
469 771 682 824 extemplo
709 775 861 812 vocato
881 770 927 812 P.
947 769 1188 823 Cornelius,
1220 771 1288 812 cui
1307 770 1468 812 Asinae
1495 785 1733 826 cognomen

170 833 278 884 erat,
317 844 461 870 omnes
500 830 626 871 duces
665 830 956 883 exercitusque
994 843 1045 870 ex
1087 831 1183 871 tota
1219 828 1348 871 Italia
1384 844 1521 884 neque
1560 828 1731 884 Capuae

169 902 306 943 neque
331 888 462 929 ullius
489 888 664 929 alterius
694 888 756 929 rei
782 903 947 930 memor
973 888 1026 929 ad
1052 888 1171 929 urbis
1196 888 1457 942 praesidium
1482 890 1731 943 revocabat3

167 946 323 988 Fabius
357 946 570 988 Maximus
611 947 782 988 abscedi
821 962 846 988 a
878 945 1026 1001 Capua
1063 947 1297 1000 terrerique
1330 950 1373 988 et
1405 947 1638 1003 circumagi
1678 949 1731 989 ad
1757 961 1777 991 3

164 1007 293 1046 nutus
333 1006 770 1060 comminationesque
808 1005 1069 1047 Hannibalis
1110 1005 1374 1060 flagitiosum
1412 1005 1612 1047 ducebat:
1657 1008 1730 1061 qui
1756 1020 1778 1049 4

165 1064 218 1106 ad
251 1062 422 1105 Cannas
459 1064 598 1106 victor
629 1065 689 1106 ire
726 1067 874 1106 tamen
913 1065 964 1105 ad
1002 1065 1150 1105 urbem
1184 1079 1312 1106 ausus
1345 1079 1433 1105 non
1465 1067 1595 1119 esset,
1634 1080 1730 1107 eum

166 1137 191 1163 a
223 1121 372 1176 Capua
402 1124 622 1177 repulsum
655 1138 775 1177 spem
813 1123 1045 1177 potiundae
1077 1123 1195 1164 urbis
1227 1123 1391 1164 Romae
1424 1124 1602 1177 cepisse!
1641 1139 1730 1166 non
1756 1137 1776 1167 5

166 1181 219 1222 ad
239 1181 421 1223 Romam
454 1181 751 1236 obsidendam,
784 1182 856 1223 sed
889 1182 942 1223 ad
964 1180 1137 1236 Capuae
1169 1182 1435 1223 liberandam
1462 1182 1730 1225 obsidionem

165 1240 238 1281 ire.
305 1240 488 1281 Romam
532 1255 627 1282 cum
672 1255 721 1282 eo
767 1242 972 1294 exercitu,
1016 1241 1088 1295 qui
1132 1240 1185 1282 ad
1223 1241 1373 1282 urbem
1411 1244 1540 1295 esseb,
1583 1241 1729 1284 Iovem

165 1298 384 1339 foederum
415 1302 639 1353 ruptorum
673 1299 725 1340 ab
757 1299 1002 1340 Hannibale
1041 1301 1196 1340 tesbem
1229 1300 1414 1353 deosque
1447 1300 1555 1341 alios
1591 1301 1731 1342 defen-

166 1391 289 1425 erh'alt
310 1391 358 1434 (3,
373 1395 429 1434 38,
444 1395 474 1424 2.
497 1390 556 1433 31,
572 1395 629 1434 22,
645 1392 679 1434 5)
695 1391 913 1434 despondere

165 1438 306 1472 animos
325 1438 384 1472 die
402 1438 622 1482 Bedeutung
642 1438 779 1472 abicere
799 1439 910 1472 anim.

214 1488 245 1519 9.
279 1484 417 1529 subiyi]
457 1496 526 1518 nur
563 1485 804 1528 dichterisch;
849 1485 910 1520 bei

986 1392 1198 1436 aqebantur.
1234 1391 1274 1434 3,
1309 1395 1348 1434 8,
1377 1395 1397 1426 8
1423 1392 1643 1427 circumacto
1669 1403 1730 1437 aq-

983 1439 1088 1472 mine.
1138 1439 1180 1472 In
1199 1439 1486 1484 fiberbragenem
1509 1437 1632 1481 Sinne,
1659 1440 1729 1474 wie

983 1486 1078 1520 auch
1116 1485 1289 1528 deutsch,
1330 1485 1428 1520 ‘eine
1467 1485 1729 1531 Schwenkung

164 1531 244 1566 Liv.
269 1543 339 1565 nur
362 1531 460 1575 hier3
488 1548 532 1560 =
556 1532 740 1566 stromauf
762 1532 907 1567 rudern.

216 1582 270 1612 10.
298 1579 448 1613 cibariis
487 1579 602 1613 decem
635 1579 686 1624 d.]
714 1578 774 1613 fiir
804 1578 907 1613 Fuss-

166 1625 335 1660 soldaten
371 1625 452 1660 eine
478 1625 651 1660 ziemlich
676 1626 786 1670 lange
813 1625 904 1668 Zeit,

166 1672 225 1706 die
270 1672 562 1707 bevorstehende
600 1673 769 1707 Marsche
815 1673 910 1708 ohne

164 1719 540 1764 Fouragenachfuhr,
576 1719 652 1754 also
677 1719 911 1765 Entfernung

164 1776 237 1800 von
269 1766 333 1800 der
366 1766 683 1810 Operationsbasis
716 1769 910 1801 vermuten

165 1812 262 1847 lassi.
327 1812 498 1847 Gemeinb
540 1813 622 1847 sind
665 1813 781 1847 Brod-
822 1814 910 1848 oder

166 1859 474 1903 Mehlportionen.
544 1860 724 1904 Dagegen
768 1861 910 1895 cibaria

166 1909 265 1940 cocta
297 1923 341 1934 =
376 1906 718 1949 Sehiffszwieback,
750 1908 910 1942 welcher

165 1953 261 1987 noch
286 1952 495 1987 bedeutend
514 1953 665 1998 langere
686 1954 766 1988 Zeih
784 1965 908 1989 vorzu-

165 2000 294 2034 halben
319 2000 402 2034 hat:
441 2000 500 2043 29,
522 2004 577 2043 25,
605 2005 625 2035 6
651 2001 845 2045 quinque
871 2001 908 2035 et

166 2047 475 2090 quadraginta
507 2048 647 2082 dierum
673 2048 833 2090 cibaria,
865 2058 908 2082 ea:

165 2094 296 2138 quibus
321 2094 523 2138 qaindecim
552 2095 692 2128 dierum
711 2098 821 2137 cocta,
840 2096 907 2130 im-

165 2141 298 2184 posita.

214 2198 242 2221 c.
264 2187 298 2229 8,
314 2191 333 2221 2
354 2199 466 2232 neque
484 2188 597 2222 ullius
617 2188 782 2234 alterius]
810 2188 906 2223 kei-

165 2245 242 2268 ner
267 2234 458 2269 zweiten
490 2234 625 2277 Sache,
653 2235 712 2269 die
739 2247 825 2270 man
849 2236 908 2270 fur

167 2280 300 2316 ebenso
320 2281 473 2325 wichtig
498 2282 625 2316 halben
650 2282 807 2325 konnte3
846 2282 906 2325 28,

167 2331 224 2370 37,
252 2331 271 2361 6
310 2339 372 2362 nec
397 2329 585 2372 quisquam
617 2330 768 2363 alterius
791 2331 908 2374 yentis

165 2384 273 2408 unus.
299 2373 358 2416 22,
388 2378 441 2416 14,
467 2379 489 2408 4
514 2376 654 2410 nullius
680 2377 840 2410 alterius.

214 2421 416 2465 revocabat]
445 2432 482 2455 er
514 2422 639 2457 stellte
666 2422 737 2457 den
763 2425 907 2467 Antrag

166 2467 233 2501 auf
253 2467 591 2512 Zuriickberufung.

214 2517 245 2548 3.
279 2514 424 2548 Fabius
469 2514 542 2559 M]
593 2515 663 2549 wie
706 2517 802 2550 nach
847 2517 908 2551 der

167 2561 344 2595 Schlacht
380 2561 441 2595 bei
474 2560 621 2595 Cannae
660 2563 844 2597 crscheint
870 2574 908 2597 er

167 2608 261 2642 auch
280 2607 361 2642 hier
381 2608 435 2642 als
456 2607 520 2641 der
534 2608 818 2652 unbeugsamste
835 2610 908 2643 und

165 2654 409 2735 l2Je2sonnenste
430 2654 576 2699 Gegner
594 2654 811 2690 Hannibals.
832 2657 906 2700 vgl.

218 2728 226 2743 ‚
254 2705 309 2743 55,
336 2705 368 2735 4.

215 2748 428 2793 cireumayi]
456 2748 526 2792 eig.
548 2765 592 2777 =
612 2748 905 2783 herumschwen-

166 2794 250 2838 ken,
275 2795 508 2829 technischer
534 2795 728 2830 Ausdruck
754 2796 813 2830 fur
838 2796 906 2831 Be-

166 2852 479 2922 {fflssffi‘ffncvssss
512 2842 906 2933 {Zuljoffifffflffieffii'

982 1532 1168 1567 machen'.
1207 1533 1268 1576 39,
1295 1536 1326 1575 5,
1356 1537 1375 1567 3
1403 1533 1517 1567 alieni
1542 1535 1728 1568 momentis

981 1580 1098 1614 animi
1123 1580 1333 1624 cirenmayi.
1375 1579 1434 1622 44,
1463 1584 1518 1622 34,
1546 1584 1568 1614 4
1593 1581 1634 1615 in
1660 1591 1728 1625 quo

979 1627 1139 1661 exercitu
1152 1627 1363 1670 imperator.
1376 1654 1382 1661 .
1394 1628 1617 1662 ‚rumoribus
1630 1629 1730 1672 vulqz'

984 1674 1265 1718 eireamayatur.

1031 1721 1080 1755 ad
1099 1724 1211 1755 nutas
1231 1721 1525 1755 comminationes
1542 1721 1591 1766 q.]
1614 1722 1662 1755 ad
1683 1739 1727 1750 =

983 1767 1051 1801 auf
1060 1767 1348 1812 Veranlassung.
1377 1767 1412 1809 2,
1426 1771 1481 1809 54,
1498 1772 1517 1802 5
1539 1769 1729 1802 adnutum

983 1815 1255 1859 imperiumque.
1284 1814 1315 1858 7,
1343 1818 1399 1857 30,
1436 1817 1480 1848 20
1506 1818 1636 1849 nutum
1661 1827 1729 1849 nu-

982 1872 1137 1906 menque.
1149 1865 1302 1896 —nutus
1317 1861 1410 1895 wird
1425 1863 1517 1895 stets
1529 1872 1601 1896 von
1613 1862 1728 1896 herri-

984 1908 1095 1942 schen
1135 1908 1224 1942 oder
1264 1907 1493 1952 unbedingte
1520 1908 1729 1954 Befolgung

981 1955 1233 1989 heischenden
1257 1954 1438 1989 Befehlen
1471 1956 1726 1999 angewendet.

1028 2005 1060 2036 4.
1088 2003 1152 2045 qui
1177 2002 1225 2036 ad
1252 2001 1290 2036 O.
1316 2002 1431 2036 vietor
1449 2003 1503 2036 ire
1521 2002 1655 2048 tamen]
1679 2003 1728 2037 ad

983 2048 1020 2084 Ο.
1035 2049 1149 2083 vietor
1162 2048 1368 2092 entsprich‘c
1382 2047 1501 2083 einem
1509 2048 1727 2084 Koncessiv-

982 2096 1092 2139 satze,
1131 2095 1196 2130 auf
1230 2094 1397 2130 welchen
1435 2095 1513 2130 Liv.
1559 2096 1631 2131 den
1670 2107 1726 2131 er-

981 2143 1164 2176 warbeten
1191 2142 1400 2187 Gegensabz
1426 2142 1496 2177 mit
1520 2145 1639 2178 tamen
1658 2143 1726 2177 fol-

980 2200 1053 2233 gen
1078 2188 1175 2224 13131.
1228 2189 1275 2224 So
1295 2189 1344 2223 ist
1364 2189 1418 2223 oft
1437 2200 1503 2224 vor
1527 2193 1646 2225 tamen
1667 2191 1726 2225 ein

979 2236 1263 2271 Koncessivsa‘cz
1289 2248 1358 2270 nur
1382 2236 1626 2281 angedeusset:
1664 2237 1724 2279 27,

981 2287 1036 2326 31,
1071 2287 1090 2317 3
1122 2287 1446 2328 quantaecumque,
1479 2284 1522 2317 de
1546 2283 1725 2319 Romanis

979 2333 1099 2364 tamen
1130 2331 1312 2365 victoriae.
1341 2330 1374 2373 1,
1404 2334 1458 2373 17,
1485 2334 1504 2364 3
1537 2331 1579 2364 in
1610 2332 1725 2365 variis

979 2378 1227 2412 voluntatibus
1260 2377 1410 2421 reynari
1447 2380 1566 2412 tamen
1606 2388 1724 2413 omnes

982 2424 1154 2458 volebant.

1027 2475 1058 2505 5.
1086 2472 1135 2506 ad
1161 2471 1198 2506 Ο.
1237 2471 1462 2505 liberandam
1487 2471 1721 2517 obsidionem]

981 2534 1025 2546 =
1057 2519 1262 2552 solvendam
1293 2518 1521 2552 obsidionem.
1554 2518 1627 2563 vgl.
1661 2519 1722 2562 36,

982 2568 1039 2607 25,
1072 2569 1091 2599 6
1125 2566 1167 2599 in
1197 2565 1382 2599 obsidione
1413 2565 1614 2600 liberanda.
1642 2565 1722 2599 Liv.

980 2611 1128 2646 wendet
1166 2612 1319 2646 liberare
1356 2612 1450 2646 auch
1485 2612 1550 2646 auf
1584 2612 1723 2646 leblose

980 2657 1101 2702 Dinge
1116 2669 1162 2692 an
1176 2657 1251 2702 vgl.
1268 2658 1328 2700 10,
1350 2662 1405 2702 33,
1421 2662 1440 2692 5
1457 2659 1619 2693 liberatis
1632 2661 1724 2693 cast-

980 2704 1034 2738 ris
1053 2706 1211 2738 contenti
1220 2722 1263 2733 =
1273 2704 1511 2747 freimachen,
1524 2706 1722 2739 entsetzen.

1026 2750 1093 2795 ire]
1134 2761 1173 2785 er
1217 2751 1269 2785 sei
1313 2751 1351 2784 in
1388 2751 1607 2793 Anmarsch;
1653 2751 1722 2786 wie

981 2808 1008 2831 c.
1036 2801 1092 2839 26,
1113 2802 1134 2831 4
1160 2798 1279 2831 venire
1305 2814 1349 2826 =
1376 2809 1414 2832 er
1434 2798 1486 2832 sei
1505 2799 1721 2843 unterwegs,

981 2842 1040 2886 25,
1069 2848 1124 2886 34,
1152 2848 1172 2878 6
1199 2845 1392 2878 ach-entare
1417 2844 1492 2878 und
1518 2844 1720 2881 ‘ahnliches

1028 2891 1175 2935 deosque
1213 2891 1319 2936 alios]
1364 2892 1460 2926 alius
1498 2891 1630 2926 nimmt
1660 2892 1722 2927 bei
