1963 3308
710 153 854 188 LIBER
879 152 1008 189 XXVI.
1061 153 1161 189 CAP.
1189 156 1233 188 25
1695 152 1752 194 53

200 170 225 188 a.
248 162 313 188 Chr.
336 170 363 187 n.
384 163 443 188 211.

199 260 361 315 Illyrici
398 260 444 301 in
474 259 755 316 Pelagoniam
788 261 935 303 eadem
967 262 1187 304 celeritate
1219 262 1348 303 vertit
1379 261 1478 315 iter3
1517 261 1615 302 inde
1646 260 1762 303 Dar-.

200 319 405 361 danorum
442 320 591 362 urbem
624 319 827 375 Sintiam,
864 322 909 362 in
940 320 1236 363 Macedoniam
1274 321 1508 362 transitum
1538 320 1752 362 Dardanis

199 378 428 432 facturam,
467 379 589 434 cepit.
656 379 723 421 his
761 380 920 434 raptim
958 380 1064 422 actis
1108 394 1270 421 memor
1307 380 1493 422 Aetolici
1535 379 1753 435 iunctique

198 451 294 479 cum
325 452 374 479 eo
401 438 583 480 Romani
615 439 715 480 belli
746 453 822 494 per
847 439 1123 493 Pelagoniam
1150 441 1192 480 et
1217 438 1411 493 Lyncum
1443 441 1485 480 et
1510 438 1753 480 Bottiaeam

198 497 244 538 in
264 495 532 539 Thessaliam
565 497 798 551 descendit,
823 521 871 526 —
896 498 948 538 ad
981 498 1141 539 bellum
1175 512 1316 538 secum
1349 497 1553 539 adversus
1574 497 1752 540 Aetolos

199 556 504 610 capessendum
535 557 708 598 incitari
739 570 864 610 posse
900 556 1093 597 homines
1126 556 1325 597 credebat
1359 581 1410 586 —
1444 560 1486 597 et
1517 557 1666 599 relicto
1699 556 1753 598 ad

197 614 342 657 fauces
375 615 619 657 Thessaliae
651 615 807 656 Perseo
840 628 935 656 cum
967 617 1170 669 quattuor
1201 614 1371 656 milibus
1405 617 1668 656 armatorum
1700 616 1753 657 ad

200 674 405 716 arcendos
436 674 552 715 aditu
571 673 768 728 Aetolos,
799 674 908 727 ipse,
939 673 1189 728 priusquam
1215 673 1447 715 maioribus
1475 676 1753 728 occuparetur

198 733 342 788 rebus,
380 733 423 774 in
460 732 752 774 Macedoniam
791 735 918 787 atque
956 732 1054 773 inde
1091 733 1136 773 in
1168 731 1397 774 Thraciam
1435 733 1666 774 exercitum
1705 748 1752 775 ac

196 791 372 833 Maedos
410 791 540 832 duxit.
595 791 808 832 incurrere
847 805 897 833 ea
935 805 1038 846 gens
1076 792 1121 832 in
1152 791 1449 834 Macedoniam
1489 792 1613 833 solita
1649 795 1752 847 erat,

197 851 271 892 ubi
313 863 458 905 regem
501 853 756 904 occupatum
801 853 974 893 externo
1017 850 1130 892 bello
1177 865 1225 892 ac
1270 851 1361 892 sine
1405 851 1616 905 praesidio
1659 865 1753 893 esse

195 923 376 965 regnum
408 909 623 951 sensisset.
682 909 734 950 ad
765 909 1030 964 frangendos
1057 910 1190 964 igitur
1221 911 1392 963 spi-ritus
1423 913 1591 952 vastare
1624 924 1751 966 agros

196 970 238 1010 et
269 968 419 1009 urbem
445 967 799 1023 Iamphorynam,
831 972 959 1023 caput
992 983 1215 1024 arcemque
1238 969 1472 1023 Maedicae,
1505 983 1752 1025 oppugnare

196 1027 350 1082 coepit.
403 1026 563 1081 Scopas
594 1028 666 1069 ubi
700 1027 939 1082 profectum
970 1029 1015 1069 in
1042 1027 1268 1069 Thraciam
1299 1041 1445 1083 regem
1478 1031 1750 1083 occupatum-

195 1100 276 1141 que
302 1086 362 1128 ibi
389 1086 502 1128 bello
525 1086 704 1138 audivit,
737 1089 903 1128 armata
930 1087 1045 1129 omni
1072 1087 1292 1129 iuventute
1311 1087 1564 1129 Aetolorum
1594 1088 1753 1129 bellum

194 1145 352 1186 inferre
384 1145 652 1187 Acarnaniae
689 1149 826 1200 parat.
889 1146 1090 1188 adversus
1124 1161 1229 1201 quos
1262 1144 1536 1188 Acarnanum
1574 1161 1679 1202 gens
1712 1149 1754 1188 et

195 1204 359 1246 viribus
390 1205 529 1270 impar
561 1207 603 1246 et
633 1205 720 1246 iam
753 1204 967 1246 Oeniadas
999 1205 1250 1272 Nasumque
1283 1206 1444 1248 amissa
1474 1221 1650 1248 cernens
1669 1205 1752 1248 Ro-

196 1278 404 1318 manaque
435 1263 607 1319 insuper
633 1279 751 1306 arma
782 1265 997 1319 ingruere,
1029 1265 1095 1306 ira
1121 1265 1262 1321 magis
1296 1265 1471 1307 instruit
1502 1280 1629 1321 quam
1656 1279 1752 1307 con-

197 1323 293 1364 silio
332 1322 504 1364 bellum.
561 1323 810 1379 coniugibus
849 1323 1080 1379 liberisque
1114 1327 1155 1366 et
1194 1324 1432 1366 senioribus
1472 1338 1597 1379 super
1636 1339 1751 1366 sexa·

244 1466 275 1497 3.
308 1463 502 1497 transitum
539 1462 738 1508 facturam]
777 1463 938 1498 ‘welche

196 1510 267 1544 den
292 1509 516 1555 Durchgang
549 1511 729 1555 gestattet
759 1509 847 1545 oder
876 1521 938 1555 ge-

197 1557 317 1592 w‘ahrt
352 1557 474 1592 haben
513 1557 667 1592 wiirde'.
726 1557 801 1592 Das
839 1557 938 1592 Part.

194 1604 275 1640 Fut.
302 1604 388 1639 Akt.
422 1604 555 1639 drfickt
586 1604 641 1639 oft
674 1604 754 1639 eine
785 1604 824 1639 in
855 1605 936 1639 dem

195 1651 331 1687 Wesen
374 1651 474 1687 eines
522 1651 801 1697 Gegenstandes
853 1652 939 1687 oder

196 1699 296 1734 einer
326 1698 464 1734 Person
494 1698 664 1743 liegende
700 1698 939 1744 Geneigtheit

196 1745 286 1781 oder
321 1746 576 1790 Bestimmung
619 1758 663 1780 zu
703 1747 817 1780 etwas
861 1758 937 1781 aus.

197 1804 226 1827 9.
253 1796 310 1837 40,
337 1796 380 1828 18
399 1792 551 1837 Reyinis
573 1794 659 1828 usui
676 1794 798 1836 futuri
817 1797 938 1829 eraut:

1060 1467 1089 1498 7.
1118 1464 1181 1498 ubi
1207 1484 1249 1488 —-
1276 1464 1454 1509 sensisset]
1485 1465 1549 1499 ubi
1573 1464 1643 1499 mit
1668 1465 1752 1499 dem

1011 1511 1235 1556 conjunctiv.
1268 1511 1460 1546 iterativus
1493 1522 1565 1547 von
1597 1511 1675 1546 Liv.
1706 1512 1752 1546 ab

1010 1558 1049 1593 in
1075 1559 1140 1593 der
1159 1558 1272 1593 Prosa
1292 1558 1394 1593 nicht
1413 1559 1541 1594 selten.
1586 1558 1670 1604 Vgl.
1692 1558 1752 1602 21,

1012 1609 1073 1648 35,
1106 1610 1128 1639 4
1171 1607 1236 1640 ubi
1265 1606 1352 1649 fides
1386 1616 1458 1641 nou
1483 1610 1583 1650 esset3
1617 1606 1754 1642 ebenso

1009 1652 1071 1687 bei
1095 1654 1138 1695 si,
1165 1664 1256 1695 cum,
1280 1656 1330 1688 ut.

1059 1723 1280 1768 frauyendos
1317 1724 1432 1768 iyitur
1467 1724 1637 1770 spiritus]
1678 1724 1751 1769 vgl.

1012 1782 1040 1805 c.
1069 1774 1125 1813 24,
1153 1775 1183 1806 5.
1234 1770 1378 1806 Ebenso
1407 1772 1577 1816 frauyere
1602 1772 1752 1806 animos.

197 1839 247 1875 319
278 1850 403 1874 waren
433 1840 605 1885 geeignet
629 1840 700 1875 den
725 1841 767 1876 R.
794 1840 938 1876 Nutzen

196 1899 239 1921 zu
264 1886 667 1932 111-1ος911.21,4,10
693 1899 727 1922 11.
754 1891 810 1931 21,
837 1892 868 1923 6.

244 1937 276 1968 4.
302 1934 466 1979 Lyncus]
494 1915 596 1969 sonet
620 1934 936 1981 Lyncestis,s1'id-

197 1980 272 2016 lich
297 1992 370 2016 von
395 1981 631 2026 Pelagonien.
672 1981 739 2026 31,
765 1986 828 2027 33,
855 1986 875 2016 5
901 1994 936 2018 u.

245 2079 274 2110 5.
292 2075 560 2121 capessendum]
573 2086 650 2120 cap.
663 2077 805 2111 stets—
762 2093 805 2105 =
814 2076 937 2111 Anteil

196 2133 244 2157 an
265 2124 378 2158 etwas
396 2123 565 2166 nehmen,
589 2134 676 2168 mag
690 2127 831 2168 partem
851 2123 939 2158 oder

197 2170 938 2216 eineandereBezeichnungderGemein-

198 2217 319 2252 schaft
327 2220 438 2261 (cum)
450 2217 558 2252 dabei
570 2217 711 2260 stehen,
722 2218 810 2253 oder
817 2218 937 2260 nicht3

197 2264 271 2309 vgl.
291 2268 322 2307 5,
340 2268 380 2299 15
406 2268 548 2309 partem
567 2269 755 2310 capessant
772 2276 938 2310 pugnae,-

197 2323 232 2345 u.
243 2322 282 2345 so
294 2312 356 2346 oft.
367 2315 509 2356 partem
523 2313 615 2355 belli,
628 2312 938 2358 fuyamffluyuam

198 2368 386 2402 capessere.

248 2404 393 2450 Perseo]
414 2405 518 2440 nicht
541 2406 604 2441 der
624 2407 811 2441 bekannte
839 2406 938 2442 Sohn

198 2452 262 2486 des
294 2450 463 2496 Philipp,
495 2452 560 2487 der
589 2453 728 2488 damals
759 2454 857 2489 noch
894 2466 939 2488 zu

194 2499 288 2544 jung
330 2510 425 2542 war,
476 2499 632 2534 sondern
676 2500 776 2535 einer
820 2501 939 2536 seiner

199 2545 390 2581 Generale.

246 2597 277 2628 6.
289 2594 330 2627 iu
341 2593 535 2628 Thraciam
549 2622 555 2628 .
573 2621 579 2627 .
596 2621 601 2627 .
619 2621 625 2626 .
642 2604 685 2628 ac
694 2594 862 2640 Maedos]
875 2595 940 2629 der

198 2639 363 2684 Wegfall
394 2640 458 2674 der
488 2639 723 2684 Pr'aposition
753 2652 820 2676 vor
855 2641 937 2676 dem

197 2686 352 2722 zweiten
393 2686 625 2730 Substantiv,
670 2687 818 2722 obwohl
862 2688 939 2722 dies

198 2734 313 2769 durch
333 2735 526 2769 exercitum
545 2745 616 2769 von
637 2734 719 2768 dem
737 2736 858 2769 ersten
877 2745 939 2779 ge-

196 2782 323 2815 trennt
346 2781 405 2825 ist,
425 2781 565 2816 erklart
589 2781 666 2816 sich
687 2781 831 2825 daraus,
858 2780 937 2816 dass

199 2827 327 2862 Maedi
351 2827 411 2862 ein
437 2828 518 2863 Teil
541 2839 614 2863 von
635 2828 817 2863 Thracien
845 2828 935 2863 sind.

198 2873 282 2919 Vg1.
309 2886 337 2909 c.
362 2878 419 2917 20,
446 2880 465 2910 6
492 2886 601 2920 usque
626 2876 675 2910 ad
702 2875 881 2910 Oceanum
907 2879 939 2911 et

200 2920 318 2956 Gades
342 2934 375 2956 u.
405 2932 432 2956 c.
462 2926 516 2967 10,
543 2927 574 2958 3.

1012 1829 1039 1853 c.
1076 1822 1136 1861 12,
1171 1822 1212 1853 19
1245 1831 1279 1853 11.
1312 1818 1378 1861 36,
1411 1823 1472 1862 31,
1511 1823 1551 1853 11
1591 1831 1663 1863 qua
1695 1830 1753 1854 ex-

1004 1866 1189 1910 peditione
1215 1866 1345 1908 fractis
1371 1867 1515 1902 animis.

1059 1939 1112 1971 10.
1146 1947 1250 1970 arma
1282 1936 1462 1982 ingyruere]
1498 1938 1630 1982 vinyruo
1662 1936 1754 1971 wird

1009 1982 1248 2027 regelmassig
1270 1983 1339 2017 mit
1358 1983 1543 2028 Begriffen
1569 1983 1639 2018 wie
1665 1983 1753 2019 Ver-

1011 2029 1161 2075 derben,
1190 2029 1342 2074 Unheil,
1366 2030 1505 2065 Gefahr
1528 2031 1752 2067 verbunden.

1010 2088 1038 2112 c.
1082 2081 1144 2119 41,
1189 2081 1232 2111 21
1276 2078 1418 2122 iuyruit
1466 2079 1627 2121 fortuma.
1691 2077 1753 2123 28,

1010 2128 1066 2168 44,
1107 2129 1149 2159 15
1187 2125 1269 2159 belli
1309 2125 1443 2168 clades,
1483 2136 1575 2169 quae
1610 2126 1652 2160 in
1687 2136 1754 2160 uos

1012 2198 1160 2207 .....
1188 2173 1415 2216 inyrueruut.
1460 2172 1526 2215 29,
1562 2176 1621 2216 10,
1657 2177 1672 2206 1
1712 2173 1754 2208 m‘

1010 2219 1129 2253 eadem
1174 2220 1225 2254 vis
1268 2220 1358 2254 mali
1389 2239 1432 2244 —
1466 2221 1506 2254 in
1548 2221 1660 2254 hostes
1698 2220 1753 2255 iu-

1010 2267 1172 2311 yruisset.

1058 2338 1116 2372 ira
1141 2357 1184 2362 -—
1212 2337 1383 2382 consilio]
1416 2336 1525 2371 freier
1558 2336 1752 2372 Gebrauch

1010 2384 1074 2418 des
1108 2385 1259 2419 ablatiV.
1299 2395 1383 2418 caus
1388 2394 1429 2418 ae
1475 2384 1553 2419 ‘aus
1590 2384 1751 2419 Erbitte-

1008 2431 1462 2477 rung—Ueberlegung⁷;
1483 2432 1541 2466 bei
1556 2431 1634 2466 Liv
1650 2431 1754 2466 nicht

1010 2478 1138 2513 selten.
1189 2478 1272 2522 Vgl
1307 2489 1335 2512 9.
1364 2482 1505 2521 39,10
1537 2489 1597 2522 spe
1623 2495 1666 2507 =
1691 2489 1752 2522 spe

1011 2529 1210 2560 commotus.
1240 2525 1273 2560 3.
1301 2529 1398 2569 2,11
1428 2526 1485 2560 ira
1511 2526 1661 2570 odioque
1680 2537 1751 2569 pu-

1009 2573 1182 2617 gnabant.
1240 2572 1477 2617 24,13,7
1522 2574 1636 2618 mayz's
1679 2574 1751 2616 im,

1010 2630 1117 2663 quam
1142 2631 1211 2664 spe.

1059 2690 1207 2723 instruit
1218 2689 1360 2734 bellum]
1368 2688 1652 2733 ungewohnlich
1660 2690 1752 2724 statt

1006 2746 1143 2779 parare
1187 2736 1334 2777 bellum‚·
1377 2736 1471 2770 doch
1510 2737 1649 2769 instruo
1689 2735 1751 2770 be-

1011 2782 1179 2817 zeichnet
1221 2782 1314 2817 auch
1359 2784 1459 2817 sonst
1493 2781 1594 2816 einer
1632 2782 1750 2817 Sache

1009 2828 1087 2863 ihre
1115 2828 1358 2873 Einrichtung
1383 2829 1517 2873 geben3
1543 2829 1611 2864 wie
1638 2830 1749 2873 aedes,

1009 2876 1144 2918 hortos,
1170 2876 1329 2918 domum,
1355 2876 1555 2911 convivium
1575 2877 1751 2912 instruere

1010 2922 1174 2967 (Cicero).

1781 1158 1824 1189 10

1782 1335 1822 1366 11
