1963 3308
236 111 261 155 8
689 109 835 144 LIBER
858 109 990 143 XXVI.
1041 108 1143 143 CAP.
1171 112 1203 142 4.
1231 113 1262 145 5.
1633 127 1658 146 a.
1680 128 1709 146 u.
1728 121 1792 147 543.

235 221 334 261 sunt
363 219 536 260 iuvenes
569 217 752 258 maxime
783 216 932 270 vigore
965 229 1013 256 ac
1046 215 1223 256 levitate
1255 230 1479 270 corporum
1512 218 1694 272 veloces,
1732 219 1794 260 eis

234 291 408 332 parmae
440 275 657 317 breviores
696 289 825 328 quam
857 274 1075 327 equestres
1108 276 1151 315 et
1183 276 1360 328 septena
1389 275 1528 317 iacula
1565 281 1793 330 quaternos

233 337 365 390 longa
395 335 524 388 pedes
557 333 658 375 data
688 332 879 386 praefixa
909 331 1041 385 ferro,
1075 332 1201 386 quale
1232 333 1369 373 hastis
1395 334 1646 376 velitaribus
1671 336 1792 377 inest.

189 406 208 436 5
236 409 308 436 eos
346 393 540 447 singulos
577 392 622 433 in
659 405 790 445 equos
829 405 927 432 suos
965 390 1223 444 accipientes
1268 391 1434 445 equites
1473 392 1795 435 adsuefecerunt

237 455 279 493 et
318 451 416 493 vehi
458 453 558 505 post
596 464 688 492 sese
727 452 770 492 et
815 449 981 490 desilire
1025 449 1275 503 perniciter,
1319 449 1393 490 ubi
1436 450 1580 492 datum
1624 452 1794 507 signum

190 523 209 553 6
237 512 360 552 esset.
410 511 640 564 postquam
672 509 718 550 id
741 508 1020 550 adsuetudine
1052 508 1302 562 quotidiana
1329 508 1432 550 satis
1464 508 1672 562 intrepide
1703 511 1797 551 fieri

236 570 375 610 visum
414 571 495 622 est,
539 568 580 609 in
628 582 844 621 campum,
888 567 961 621 qui
1005 567 1168 608 medius
1212 567 1324 608 inter
1361 569 1503 608 castra
1546 581 1798 623 murumque

238 630 347 681 erat,
380 627 582 668 adversus
614 626 847 668 instructos
872 624 1189 680 Campanorum
1222 625 1383 680 equites
1415 630 1714 679 processerunt
1744 629 1798 681 et,

191 698 209 729 7
237 687 312 728 ubi
344 686 397 727 ad
430 686 668 727 coniectum
699 685 776 726 teli
805 686 981 725 ventum
1008 687 1090 739 est,
1122 684 1244 738 signo
1276 684 1376 725 dato
1402 684 1553 725 velites
1587 684 1799 726 desiliunt.

237 744 449 799 pedestris
493 744 590 785 inde
629 743 742 784 acies
780 757 831 784 ex
869 743 1060 797 equitatu
1103 745 1278 798 repente
1318 743 1363 784 in
1405 743 1598 784 hostium
1635 741 1799 798 equites

191 814 211 846 8
237 804 430 856 incurrit,
455 802 677 857 iaculaque
704 816 800 843 cum
825 802 990 854 impetu
1017 801 1101 842 alia
1128 816 1255 855 super
1281 802 1365 843 alia
1388 802 1600 843 emittunt.
1646 802 1801 856 quibus

238 862 432 917 plurimis
459 862 505 902 in
532 875 662 915 equos
689 861 890 914 virosque
921 860 1083 914 passim
1111 860 1311 901 coniectis
1340 861 1578 914 permultos
1605 861 1801 901 vulnera-

239 923 404 974 verunt,
430 920 604 974 pavoris
630 922 777 960 tamen
803 919 898 972 plus
921 933 971 959 ex
995 932 1040 959 re
1066 932 1179 960 nova
1199 921 1325 973 atque
1352 919 1574 972 inopinata
1598 919 1802 960 iniectum

241 982 324 1033 est,
355 981 396 1020 et
427 979 470 1019 in
504 978 747 1032 perculsum
780 977 951 1018 hostem
978 977 1140 1031 equites
1167 977 1323 1018 invecti
1353 977 1503 1032 fugam
1529 979 1802 1032 stragemque

194 1049 213 1079 9
242 1053 390 1080 eorum
415 1051 548 1091 usque
575 1037 628 1078 ad
653 1038 800 1091 portas
827 1035 1029 1077 fecerunt.
1073 1035 1171 1076 inde
1198 1036 1390 1089 equitatu
1416 1050 1583 1090 quoque
1610 1036 1804 1090 superior

240 1096 436 1138 Romana
466 1110 533 1137 res
566 1095 660 1137 fuit.
721 1095 987 1149 institutum,
1025 1097 1071 1135 ut
1112 1094 1262 1135 velites
1294 1095 1339 1134 in
1375 1094 1617 1149 legionibus
1650 1097 1804 1136 essent.

172 1167 215 1197 10
243 1158 461 1197 auctorem
481 1154 673 1208 peditum
695 1153 830 1208 equiti
849 1153 1223 1194 immiscendorum
1244 1153 1535 1194 centurionem
1557 1151 1804 1201 Q.Navium

241 1214 402 1268 ferunt,
433 1213 672 1267 honorique
704 1212 747 1253 id
780 1212 817 1252 ei
851 1212 964 1266 apud
995 1212 1302 1266 imperatorem
1332 1211 1477 1253 fuisse.
1759 1208 1769 1213 ”

197 1285 223 1315 0
364 1271 471 1314 Cum
496 1272 559 1312 ·in
601 1271 682 1312 hoc
729 1272 845 1312 statu
883 1271 936 1311 ad
981 1269 1172 1325 Capuam
1211 1285 1277 1311 res
1317 1272 1478 1323 essent,
1515 1268 1805 1311 Hannibalem

245 1331 460 1372 diversum
505 1330 763 1371 Tarentinae
815 1329 924 1370 arcis
974 1329 1206 1383 potiundae
1252 1327 1506 1382 Capuaeque
1557 1328 1806 1370 retinendae

244 1458 405 1500 worden,
431 1457 608 1491 wahrend
635 1456 735 1491 diese
756 1456 991 1500 Truppenart

246 1505 358 1539 schon
384 1504 444 1547 21,
466 1508 510 1538 55
530 1503 607 1537 und
628 1503 721 1538 &fter
741 1503 910 1538 erwahnt
928 1503 987 1537 ist.

292 1552 449 1586 maxime
476 1550 623 1596 veloces]
650 1549 730 1585 Liv.
758 1550 902 1584 scheint
920 1550 992 1584 den

246 1598 541 1642 naheliegenden
574 1597 649 1631 und
676 1599 778 1632 sonst
808 1597 991 1631 durchaus

246 1645 352 1680 nicht
369 1644 735 1689 ungebr'auchlichen
756 1644 898 1688 Superl.
919 1655 993 1678 von

246 1693 348 1727 velow
375 1704 418 1726 zu
443 1691 674 1726 vermeiden:
711 1702 749 1725 er
773 1691 889 1725 findet
915 1690 993 1725 sich

246 1751 316 1774 nur
341 1738 513 1773 einmal:
541 1738 599 1781 31,
628 1742 684 1781 36,
711 1741 744 1772 8.

291 1797 442 1830 parmae
456 1785 566 1830 brea]
592 1785 660 1819 Die
675 1784 915 1830 Bewaffnung
928 1784 992 1818 der

247 1833 368 1868 velites
406 1832 618 1867 beschreibt
650 1832 730 1867 Liv.
763 1831 822 1875 38,
856 1835 913 1875 21,
949 1835 991 1865 13

250 1880 308 1914 hic
336 1880 437 1914 miles
462 1880 673 1923 tripedalem
692 1890 865 1923 parmam
889 1879 994 1913 habet

250 1930 281 1961 et
305 1928 347 1961 iri
372 1927 502 1961 deoetra
527 1927 666 1968 hastas,
700 1926 831 1970 quibus
857 1926 994 1960 eminus

250 1974 378 2008 utitur.
428 1973 552 2017 yladio
573 1973 818 2016 Hispaniensi
843 1976 893 2007 est
918 1973 994 2007 cin-

250 2024 337 2056 ctus.
372 2020 433 2062 31,
459 2024 516 2063 35,
543 2024 562 2054 6
589 2020 688 2054 veliti
717 2031 884 2063 parmam
915 2020 992 2065 yla-

251 2068 420 2110 diumque
432 2067 578 2100 habenti
589 2067 742 2108 (emissis
761 2067 905 2109 hastis),
928 2066 992 2100 da-

250 2113 312 2149 bei
324 2113 375 2148 ist
387 2114 502 2156 hasta,
518 2114 650 2157 (sonst:
673 2112 890 2156 Stosslanze)
903 2113 994 2147 statt

250 2161 412 2196 iaculum
439 2162 580 2205 gesagt,
606 2160 675 2194 wie
704 2159 764 2203 38,
785 2163 840 2202 20,
864 2164 880 2193 1
908 2160 993 2193 veli-

252 2209 390 2242 tarium
423 2207 621 2241 hastarum.
649 2207 817 2250 dagegen
843 2206 902 2248 21,
937 2209 993 2248 55,

254 2259 296 2289 11
326 2254 408 2288 sind
434 2253 494 2288 die
519 2254 639 2288 velites
662 2254 731 2288 mit
755 2254 910 2287 verrutis
931 2252 993 2287 be-

253 2300 414 2344 waffnet,
428 2301 569 2335 welche
589 2299 649 2335 die
663 2300 744 2334 hier
759 2300 996 2344 angegebene

253 2348 381 2392 Lange
408 2347 540 2383 haben.

295 2395 467 2438 praefixa
490 2394 603 2439 ferro]
631 2405 722 2428 vorn
747 2394 817 2428 mit
838 2393 998 2428 eiserner

256 2441 397 2486 Spitze3
412 2452 450 2475 so
466 2441 579 2475 sehon
595 2441 653 2475 bei
668 2441 812 2475 Caesar.
833 2439 917 2484 Vgl.
934 2440 998 2475 das

256 2489 390 2523 ebenso
408 2487 594 2532 gebildete
606 2489 834 2532 praepilatas
848 2498 876 2522 c.
894 2490 949 2530 51,
965 2491 995 2521 4.

303 2538 335 2569 5.
361 2534 470 2580 inest]
496 2534 635 2569 sowohl
661 2547 723 2568 zur
742 2534 999 2578 Bezeichnung

257 2582 320 2616 des
341 2581 642 2616 Enthal‘tenseins
662 2582 700 2615 in
721 2581 842 2616 einem
857 2581 997 2615 Raume

257 2629 310 2663 als
331 2629 394 2663 des
408 2628 569 2663 Besitzes
580 2639 653 2663 von
666 2628 850 2673 geistigen
863 2627 997 2672 Eigen-

258 2675 426 2710 schaften
456 2675 652 2710 verbindet
683 2675 761 2710 Liv.
789 2676 901 2709 inesse
924 2674 999 2709 fast

258 2722 514 2756 ausnahmslos
529 2722 597 2756 mit
611 2723 694 2757 dem
710 2722 821 2756 Dativ
837 2725 997 2765 c.19,14.

259 2770 423 2803 omnibus
448 2780 539 2812 quae
564 2770 706 2812 diceret,
733 2780 812 2803 cum
832 2769 999 2803 maiestas

258 2815 389 2857 inerat,
413 2819 489 2850 tum
512 2816 610 2859 fides.

309 2865 341 2895 6.
375 2863 641 2907 processerunt]
687 2862 889 2906 eigentlich
933 2873 1002 2895 nur

1062 1467 1135 1491 von
1156 1455 1424 1500 Fussgangern,
1444 1455 1482 1489 in
1501 1455 1723 1499 langsamer,
1743 1465 1808 1499 ge-

1062 1513 1247 1537 messener
1272 1502 1502 1547 Bewegung3
1524 1519 1568 1530 =
1591 1502 1806 1536 vorrficken.

1065 1562 1093 1586 c.
1120 1553 1177 1593 46,
1209 1553 1227 1584 7
1261 1550 1354 1584 acies
1379 1550 1565 1593 processit.
1615 1548 1676 1593 30,
1698 1552 1759 1594 62,
1786 1553 1809 1583 4

1065 1597 1240 1632 exercitiis
1260 1607 1362 1640 proc.
1401 1596 1506 1630 Doch
1532 1596 1582 1630 ist
1608 1595 1667 1631 die
1692 1595 1808 1630 Uber-

1064 1646 1229 1688 tragung
1256 1643 1320 1677 der
1339 1643 1463 1677 Verba
1482 1643 1545 1677 des
1566 1641 1713 1678 Gehens
1733 1643 1808 1677 und

1067 1691 1223 1725 Stehens
1244 1689 1308 1724 auf
1319 1689 1481 1724 Reiterei
1500 1689 1575 1724 und
1591 1689 1809 1725 Schifffahrt

1065 1749 1159 1782 ganz
1186 1736 1461 1782 gebrauchlich.
1490 1747 1518 1770 c.
1541 1740 1573 1779 9,
1597 1741 1639 1771 13
1661 1748 1808 1781 praece-

1065 1785 1232 1819 dentibus
1257 1784 1444 1818 Numidis.

1115 1835 1145 1865 7.
1173 1832 1222 1866 ad
1242 1831 1438 1866 coniectum
1459 1834 1481 1864 t.
1497 1831 1546 1876 a]
1574 1830 1640 1865 auf
1662 1830 1810 1865 Sohuss-

1066 1878 1176 1913 weite
1188 1878 1495 1920 herankommen;
1517 1878 1613 1911 auch
1626 1878 1720 1913 ictus
1733 1878 1810 1912 und

1069 1927 1185 1959 iaetus
1209 1928 1233 1959 t.
1261 1936 1289 1960 c.
1317 1928 1374 1968 40,
1405 1929 1457 1959 10.
1485 1925 1533 1959 ad
1558 1925 1670 1959 ictam
1694 1928 1718 1959 t.
1749 1923 1810 1968 27,

1069 1976 1124 2015 18,
1141 1975 1195 2006 11.
1216 1973 1282 2006 sub
1309 1972 1430 2006 ictum.

1113 2020 1206 2054 acies
1234 2047 1241 2054 .
1270 2047 1276 2052 .
1304 2019 1484 2053 incurrit.
1508 2045 1515 2052 .
1537 2018 1718 2063 emittunt]
1745 2018 1811 2052 Bei

1066 2065 1146 2100 Liv.
1162 2066 1309 2100 werden
1324 2065 1539 2099 Kollektiva
1554 2064 1609 2099 oft
1621 2065 1674 2099 im
1688 2066 1810 2099 ersten

1067 2112 1196 2147 Gliede
1217 2112 1280 2146 des
1296 2111 1421 2146 Satzes
1441 2111 1510 2145 mit
1528 2111 1612 2145 dem
1626 2110 1811 2155 Singular,

1066 2159 1117 2193 im
1143 2159 1297 2193 zweiten
1323 2158 1391 2192 mit
1417 2158 1501 2192 dem
1526 2158 1623 2192 Plur.
1650 2158 1809 2193 verbun-

1067 2206 1149 2240 den.
1187 2217 1216 2240 ο.
1244 2209 1301 2249 21,
1335 2209 1377 2239 16
1404 2205 1580 2239 accercitus
1605 2204 1651 2239 R.
1677 2206 1811 2248 iratus,

1062 2253 1204 2297 partim
1241 2253 1337 2296 quod
1373 2262 1452 2286 cum
1489 2252 1704 2295 imperatore
1738 2263 1813 2286 non

1070 2300 1230 2334 devectus
1255 2302 1380 2342 esset,
1401 2299 1543 2342 partim
1568 2299 1662 2342 quod
1687 2300 1729 2333 iri
1748 2309 1812 2343 op-

1064 2346 1168 2390 pidis
1187 2346 1377 2380 hibernare
1396 2346 1526 2380 vetiti
1544 2349 1689 2388 erant,
1709 2346 1812 2390 seyrii

1070 2393 1380 2437 furiyebaritur
1404 2393 1587 2426 militia.

1118 2443 1151 2473 8.
1178 2451 1220 2474 ex
1235 2450 1278 2486 ⁸re
1295 2439 1406 2485 nova]
1430 2439 1482 2473 ‘in
1496 2438 1612 2483 Folge
1631 2438 1696 2472 der
1714 2439 1816 2472 Neu—

1070 2486 1177 2521 heit’.
1229 2486 1389 2521 Ahnlich.
1433 2485 1645 2521 verwendet
1688 2484 1814 2528 Scipio

1070 2534 1189 2568 velites
1226 2533 1287 2577 30,
1315 2537 1370 2577 11,
1391 2537 1422 2568 9.

1116 2581 1243 2625 fuglam
1274 2584 1383 2624 εἰν-αφ
1409 2579 1596 2623 fecerunt]
1623 2578 1696 2622 vgl.
1724 2589 1754 2612 c.
1782 2583 1814 2619 6,

1072 2631 1127 2670 10,
1148 2628 1249 2662 sonst
1268 2631 1422 2672 stragyem
1441 2628 1529 2661 clare
1549 2625 1623 2659 und
1643 2625 1741 2660 edere
1754 2624 1814 2668 21,

1071 2677 1168 2718 32,8.
1195 2674 1255 2718 21,
1282 2677 1339 2717 52,
1367 2677 1410 2707 10
1434 2677 1497 2707 str.
1522 2672 1648 2714 facere.

1120 2733 1148 2756 c.
1175 2721 1210 2763 5,
1238 2725 1267 2754 1.
1295 2721 1475 2755 diversum
1506 2718 1617 2763 trah]
1655 2718 1719 2752 das
1746 2717 1815 2752 alt-

1071 2767 1300 2809 lateinische,
1326 2766 1386 2800 bei
1412 2765 1550 2800 Terenz
1577 2764 1814 2799 vorhandene

1072 2815 1164 2848 Adv.
1192 2814 1328 2848 diverse
1353 2812 1442 2857 ging
1466 2812 1637 2846 verloren
1669 2811 1743 2845 und
1769 2821 1816 2844 an

1073 2860 1173 2895 seine
1201 2859 1314 2894 Stelle
1345 2860 1422 2894 trat
1453 2859 1633 2894 diversum
1664 2857 1751 2893 oder
1775 2857 1817 2892 in
