1963 3308
152 302 195 333 10

153 479 192 507 11

153 713 193 743 12

152 830 194 861 13

154 948 195 978 14

153 1182 196 1213 15

156 1301 198 1331 16

154 1536 195 1566 17

223 184 278 225 86
712 180 855 216 LIBER
881 181 1010 215 XXVI.
1063 180 1163 215 OAP.
1190 185 1246 216 40.

1628 198 1652 216 a.
1673 198 1701 215 u.
1721 190 1782 216 544.

223 292 277 333 ad
315 288 680 344 comprimendam
719 288 975 329 seditionem
1016 287 1239 342 processit.
1308 290 1433 342 atque
1474 288 1564 343 ille,
1609 303 1706 330 cum
1744 289 1782 331 ei

223 349 452 392 multitudo
479 347 616 389 maior
642 361 770 402 quam
789 346 1071 388 Numidarum
1097 345 1247 400 procul
1274 345 1367 387 visa
1388 344 1535 402 (esset),
1561 348 1604 388 et
1623 348 1784 389 clamor

222 409 443 450 Romanus
468 406 801 461 haudquaquam
827 405 1001 460 ignotus
1030 404 1083 446 ad
1111 418 1234 446 aures
1262 404 1505 459 accidisset,
1533 406 1782 460 priusquam

222 467 275 508 ad
312 467 446 507 ictum
484 465 560 506 teli
594 465 775 518 veniret,
813 464 1000 518 capessit
1037 463 1198 518 fugam.
1265 477 1341 517 per
1378 477 1572 505 aversam
1613 467 1784 518 portam

222 525 401 567 emissus
441 524 668 578 adsumpto
709 523 863 565 comite
896 521 1082 576 Epicyde
1122 536 1217 563 cum
1258 521 1405 576 paucis
1445 522 1498 563 ad
1537 536 1652 563 mare
1690 537 1782 577 per-

221 584 357 640 venit,
395 584 595 637 nactique
635 584 875 636 opportune
914 596 1093 636 parvum
1126 580 1365 636 navigium,
1406 580 1555 622 relicta
1585 581 1782 623 hostibus

222 642 384 697 Sicilia,
418 642 466 683 de
501 656 584 696 qua
616 655 689 695 per
721 643 787 682 tot
818 654 954 682 annos
987 642 1197 681 certatum
1230 642 1338 692 erat,
1370 639 1416 680 in
1436 638 1627 681 Africam
1658 640 1782 681 traie—

221 704 381 744 cerunt.
446 701 530 742 alia
569 699 798 741 multitudo
837 699 1078 740 Poenorum
1118 697 1441 752 Siculorumque
1479 712 1530 739 ne
1573 699 1784 751 temptato

222 760 391 816 quidem
418 759 650 801 certamine
678 773 772 800 cum
799 758 913 799 caeci
939 758 984 798 in
1010 757 1156 812 fugam
1184 759 1372 810 ruerent,
1403 757 1619 810 clausique
1646 756 1783 798 exitus

222 822 380 872 essent,
413 819 526 859 circa
551 819 698 871 portas
727 831 862 857 caesa.
908 816 1064 870 oppido
1089 818 1259 870 recepto
1281 814 1512 870 Laevinus,
1544 815 1616 869 qui
1644 815 1783 869 capita

222 892 363 919 rerum
396 876 624 931 Agrigenti
658 878 794 928 erant,
834 874 965 929 virgis
1000 889 1146 915 caesos
1180 874 1317 915 securi
1348 874 1579 928 percussit,
1620 876 1783 916 ceteros

221 936 510 990 praedamque
550 933 755 987 vendidit,
798 948 967 974 omnem
1008 933 1231 987 pecuniam
1263 932 1445 974 Romam
1478 933 1605 975 misit.
1669 932 1786 974 fama

221 994 607 1050 Agrigentinorum
634 993 766 1034 cladis
791 990 981 1033 Siciliam
1007 1005 1102 1032 cum
1128 991 1405 1045 pervasisset,
1437 992 1582 1032 omnia
1614 993 1785 1045 repente

223 1054 276 1096 ad
308 1054 526 1095 Romanos
560 1052 884 1093 inclinaverunt.
945 1049 1115 1105 prodita
1147 1050 1266 1090 brevi
1299 1052 1398 1090 sunt
1432 1050 1583 1104 viginti
1616 1050 1784 1104 oppida,

224 1128 296 1155 sex
323 1112 363 1153 vi
391 1114 535 1165 capta,
565 1110 808 1152 voluntaria
835 1108 1049 1150 deditione
1076 1109 1117 1150 in
1146 1108 1272 1149 fidem
1294 1111 1501 1149 venerunt
1527 1108 1580 1149 ad
1606 1108 1784 1162 quadra-

224 1172 358 1226 ginta.
409 1185 587 1225 quarum
615 1169 853 1210 civitatium
885 1168 1152 1222 principibus
1179 1182 1274 1209 cum
1301 1182 1377 1221 pro
1405 1167 1608 1222 cuiusque
1634 1167 1785 1208 merito

223 1230 373 1272 consul
399 1229 537 1283 pretia
571 1242 815 1283 poenasque
844 1227 1095 1268 exsolvisset
1122 1226 1417 1281 coegissetque
1439 1224 1604 1267 Siculos
1631 1225 1786 1279 positis

223 1288 396 1330 tandem
430 1288 560 1329 armis
594 1287 646 1328 ad
681 1300 831 1341 agrum
859 1285 1083 1327 colendum
1110 1285 1274 1326 animos
1302 1287 1567 1337 convertere,
1599 1286 1646 1325 ut
1671 1286 1788 1325 esset

222 1362 309 1389 non
359 1346 597 1388 incolarum
642 1345 769 1387 modo
815 1344 1031 1386 alimentis
1080 1343 1289 1397 frugifera
1333 1344 1491 1397 insula,
1544 1342 1617 1384 sed
1669 1342 1786 1383 urbis

223 1406 386 1447 Romae
438 1407 563 1459 atque
615 1403 785 1453 Italiae,
836 1403 877 1444 id
923 1402 1034 1457 quod
1083 1402 1228 1443 multis
1279 1416 1404 1455 saepe
1456 1402 1786 1455 tempestatibus

224 1465 400 1518 fecerat,
441 1478 654 1505 annonam
692 1463 871 1514 levaret,
913 1462 965 1502 ab
999 1461 1253 1516 Agathyrna
1292 1460 1556 1502 inconditam
1595 1459 1787 1501 multitu-

225 1523 366 1564 dinem
401 1537 541 1564 secum
575 1522 620 1562 in
651 1521 824 1562 Italiam
856 1520 1106 1561 transvexit.
1170 1521 1373 1574 quattuor
1410 1519 1528 1559 milia
1563 1518 1787 1560 hominum

225 1584 363 1637 erant,
403 1581 528 1622 mixti
567 1595 615 1623 ex
656 1580 772 1621 omni
812 1579 1069 1632 colluvione,
1109 1579 1290 1631 exsules,
1335 1578 1542 1630 obaerati,
1585 1577 1787 1630 capitalia

273 1726 326 1757 10.
354 1725 460 1766 atque
480 1720 553 1765 ille]
577 1720 649 1764 vgl.
672 1730 700 1754 c.
723 1723 778 1762 39,
803 1723 853 1753 16.
895 1718 967 1752 Das

223 1769 408 1804 Deutsche
431 1767 603 1812 verlangt
633 1766 713 1801 eine
730 1765 967 1801 Adversativ-

223 1815 395 1861 partikel.

270 1863 318 1897 ad
368 1872 474 1896 aures
524 1859 732 1905 accidisset]
792 1859 968 1894 stehende

221 1909 421 1954 Wendung
447 1908 510 1942 des
535 1907 625 1950 Liv.‚
654 1907 794 1941 sowohl
820 1906 889 1940 mit
913 1905 968 1940 als

222 1957 317 1992 ohne
339 1957 386 1990 ad
407 1965 513 1990 aures
528 1954 615 1989 oder
630 1954 792 1988 auribus.
812 1953 967 1996 24,4e‚5

222 2004 387 2038 accidens
420 2003 583 2037 auribus.
623 2000 688 2044 27,
717 2004 777 2043 15,
808 2004 848 2035 16
875 2000 970 2034 unde

222 2051 378 2085 maoeime
404 2050 577 2084 terribilis
604 2049 787 2083 accidebat
812 2057 930 2082 sonus.

272 2101 325 2131 11.
354 2107 422 2140 per
454 2095 636 2140 aversam]
672 2106 745 2140 erg.
780 2096 824 2129 ab
853 2095 968 2135 hoste,-

224 2144 300 2188 vgl.
324 2143 385 2187 24,
409 2147 463 2185 17,
485 2147 504 2176 3
526 2153 593 2186 per
625 2152 784 2176 aversam
809 2170 813 2174 .
836 2169 843 2176 .
866 2169 872 2175 .
896 2168 901 2174 .
924 2141 968 2175 ab

224 2192 321 2225 hoste
355 2193 517 2234 portam,
555 2189 643 2223 aber
678 2187 718 2231 4,
752 2192 815 2230 46,
851 2192 869 2222 6
903 2199 970 2231 per

225 2248 387 2272 aversam
408 2239 564 2280 portam.

270 2285 370 2319 nacti
402 2282 622 2328 opportune]
663 2281 729 2316 ‘sie
763 2280 969 2315 erreichten

223 2332 319 2366 noch
331 2329 577 2374 rechtzeitig’.
591 2329 783 2363 nanciscor
797 2329 887 2362 stets
899 2338 971 2362 von

224 2377 462 2422 gh'icklichen
483 2376 661 2419 Zufallen,
682 2376 748 2410 hat
773 2378 971 2419 opportune

224 2424 477 2468 pleonastisch
497 2424 557 2457 bei
576 2423 670 2465 sich;
698 2422 767 2456 wie
789 2422 971 2465 praecipi·

225 2474 303 2505 tata
334 2471 469 2514 raptim
504 2470 566 2513 31,
592 2473 648 2512 32,
675 2473 706 2504 2.
746 2468 829 2513 Vgl.
859 2480 887 2502 c.
918 2471 971 2510 17,

227 2521 248 2552 8
275 2519 362 2552 data
388 2517 511 2551 sedulo
537 2527 655 2560 opera.

1092 1721 1145 1751 14.
1168 1717 1319 1760 prodita
1345 1736 1387 1741 —
1407 1717 1444 1751 vi
1470 1720 1578 1760 capta
1597 1736 1642 1741 —
1661 1717 1787 1752 volun-

1042 1765 1141 1798 taria
1153 1763 1202 1808 d.]
1219 1763 1385 1798 scheidet
1396 1762 1474 1798 drei
1483 1763 1654 1805 Klassen3
1672 1763 1709 1798 in
1725 1764 1789 1797 der

1043 1813 1165 1846 ersten
1204 1810 1373 1845 lieferten
1408 1810 1572 1845 einzelne
1603 1810 1788 1845 Personen

1044 1858 1103 1892 die
1136 1857 1265 1892 Stadte
1302 1869 1366 1892 aus
1399 1857 1473 1891 und
1506 1857 1699 1902 erlangten
1729 1857 1789 1891 fiir

1043 1905 1122 1939 sich
1144 1904 1355 1949 Schonung,
1381 1904 1440 1938 fiir
1465 1903 1525 1939 die
1545 1905 1700 1948 {ibrigen
1720 1903 1788 1938 Be-

1044 1952 1192 1986 wohner
1219 1952 1308 1986 aber
1332 1951 1447 1995 nicht,
1474 1951 1542 1986 wie
1562 1951 1600 1985 in
1622 1950 1788 1995 Syracus,

1044 1999 1242 2044 Agdgent,
1265 1999 1303 2032 in
1325 1999 1388 2033 der
1408 1998 1562 2033 zweiten
1582 1997 1674 2032 wird
1694 1997 1789 2032 nach

1045 2048 1230 2090 strengem
1246 2045 1483 2090 Kriegsrecht
1496 2045 1708 2087 verfahren3
1728 2044 1788 2079 die

1044 2093 1155 2128 dritte
1176 2092 1304 2127 Klasse
1331 2092 1481 2127 verliert
1507 2091 1685 2126 ebenfalls
1708 2091 1786 2126 ihre

1045 2139 1360 2184 Selbstandigkeit
1380 2139 1454 2172 und
1476 2139 1575 2172 zahlt
1598 2138 1658 2173 ein
1682 2139 1786 2172 veeti-

1042 2187 1115 2230 9al,
1142 2186 1212 2220 den
1235 2186 1408 2221 Zehnten.

1095 2237 1146 2267 16.
1185 2232 1409 2278 incolarum]

1045 2280 1194 2314 wohner
1222 2296 1264 2308 =
1291 2280 1484 2320 cultorum3
1512 2278 1581 2313 wie
1602 2278 1663 2322 21,
1689 2282 1745 2322 38,
1767 2283 1786 2313 9

1044 2327 1182 2361 incolae
1214 2327 1292 2370 iuyi
1325 2327 1420 2368 eius;
1458 2326 1552 2360 ohne
1586 2326 1657 2360 den
1687 2327 1790 2361 sonst

1045 2373 1162 2407 damit
1219 2372 1478 2407 verbundenen
1527 2372 1790 2417 Nebenbegrifl

1046 2421 1110 2455 der
1123 2420 1383 2464 biirgerlichen
1393 2418 1788 2464 Nichtberechtigung.

1093 2467 1274 2501 alimentis
1303 2466 1500 2511 frugifera]
1539 2466 1614 2500 ‘fiir
1639 2466 1698 2501 die
1724 2465 1788 2500 Er-

1046 2514 1214 2557 nahrung
1235 2513 1475 2548 ausreichend
1495 2513 1694 2557 ergiebig’3
1715 2513 1788 2547 Ad-

1461 2232 1525 2266 det
1576 2231 1784 2266 Laudesbe-

272 2566 315 2599 de
334 2563 421 2608 qua]
443 2563 578 2597 nimmt
597 2563 635 2597 in
659 2564 773 2597 erster
793 2560 896 2595 Linie
911 2559 977 2594 auf
1042 2561 1163 2605 jektiv
1195 2560 1264 2594 mit
1290 2561 1400 2594 Dativ
1431 2560 1496 2594 der
1524 2559 1787 2604 Bestimmung.

225 2611 285 2646 die
311 2610 446 2654 Kriege
474 2610 542 2644 mit
569 2610 640 2644 den
667 2609 843 2649 Roman,
875 2607 973 2641 dann

226 2659 314 2693 aber
334 2657 429 2692 auch
454 2657 520 2691 auf
543 2657 602 2691 die
624 2656 692 2690 mit
711 2656 782 2689 den
803 2654 974 2689 Sikulern

226 2704 441 2739 Rficksicht.

277 2756 332 2786 13.
352 2750 624 2795 praedamque]
651 2749 741 2783 ‘und
765 2748 974 2792 iiber-haupt

228 2798 288 2833 die
321 2798 472 2840 Beute’;
512 2797 576 2832 der
609 2797 716 2832 Staat
747 2795 868 2830 erhalt
904 2795 975 2829 den

227 2850 417 2889 gesamten
461 2844 583 2888 Erlos,
629 2844 724 2878 ohne
770 2842 829 2877 die
874 2842 975 2876 sonst

227 2891 403 2926 fiblichen
436 2891 585 2936 Abzi'ige
619 2902 666 2925 an
699 2889 758 2924 die
785 2889 974 2930 Soldaten,

228 2948 358 2983 wegen
385 2938 449 2972 der
476 2938 691 2972 Finanznot.

1046 2607 1111 2648 27,
1156 2612 1193 2650 5,
1236 2611 1266 2642 5.
1318 2608 1536 2652 frugiferam
1583 2607 1673 2650 ipsis
1716 2607 1790 2640 eul-

1046 2655 1192 2689 toribus.

1094 2702 1201 2735 mixti
1220 2712 1262 2736 ex
1282 2701 1380 2735 omni
1396 2699 1538 2744 colluv.]
1555 2699 1682 2734 colluv.
1698 2700 1789 2734 stets

1048 2748 1085 2782 in
1110 2748 1401 2782 ver'achtlichem
1428 2746 1549 2781 Sinne.
1600 2745 1659 2789 28,
1689 2749 1743 2790 12,
1769 2750 1789 2780 3

1047 2795 1154 2829 mioeti
1173 2805 1216 2828 ex
1236 2794 1433 2828 colluvione
1446 2793 1604 2827 omnium
1618 2793 1788 2836 yentium.

1048 2841 1107 2883 30,
1134 2844 1191 2884 35,
1219 2844 1248 2874 7.

1095 2888 1214 2922 exules
1257 2886 1419 2921 obaerati
1467 2886 1643 2930 capitalia
1688 2886 1790 2931 ausi]

1048 2932 1355 2978 landesfifichtige
1380 2932 1590 2977 Menschen‚
1618 2932 1677 2968 die
1712 2944 1792 2968 ver-
