1963 3308
185 680 204 711 271

227 151 283 193 68
745 149 890 184 LIBER
915 149 1047 184 XXVI.
1098 149 1200 184 CAP.
1228 153 1282 184 32.

1629 167 1656 184 a.
1677 167 1706 185 u.
1728 159 1792 186 544.

228 259 564 313 pulcherrimam
591 271 639 298 ac
665 256 982 297 nobilissimam
1007 256 1182 310 perisse,
1206 256 1408 298 horreum
1433 259 1561 312 atque
1582 257 1794 299 aerarium

230 317 444 372 quondam
483 315 633 369 populi
670 313 875 367 Romani,
914 315 1032 356 cuius
1072 314 1364 356 munificentia
1399 329 1447 356 ac
1485 315 1608 357 donis
1647 316 1794 358 multis

228 375 578 429 tempestatibus,
609 373 693 415 hoc
725 373 905 427 denique
937 373 1031 427 ipso
1051 372 1215 414 Punico
1247 373 1361 414 bello
1389 373 1532 415 adiuta
1559 377 1794 430 ornataque

229 448 296 475 res
334 433 508 487 publica
539 435 663 474 esset.
727 432 763 473 si
795 432 848 473 ab
882 431 1030 473 inferis
1065 432 1246 473 exsistat
1277 446 1351 473 rex
1382 431 1534 484 Hiero,
1565 433 1796 475 fidissimus

228 492 397 546 imperii
430 491 616 533 Romani
649 491 805 541 cultor,
841 505 924 545 quo
957 505 1030 532 ore
1063 497 1138 531 aut
1171 489 1402 544 Syracusas
1437 493 1512 532 aut
1541 490 1726 534 Romam
1758 492 1797 534 61

230 550 400 592 ostendi
432 565 576 605 posse,
616 564 729 603 cum,
765 549 841 591 ubi
881 550 1131 591 semirutam
1164 563 1212 591 ac
1250 549 1481 603 spoliatam
1518 550 1704 604 patriam
1734 565 1797 593 re—

231 610 436 664 spexerit,
468 609 715 665 ingrediens
738 608 922 650 Romam
954 609 1001 650 in
1025 608 1238 650 vestibulo
1264 608 1400 662 urbis,
1432 622 1567 662 prope
1591 609 1638 650 in
1661 611 1798 665 porta,

232 669 370 724 spolia
400 669 566 723 patriae
600 682 700 709 suae
732 667 901 709 visurus
934 667 1019 708 sit?
1057 692 1106 697 —
1141 667 1247 708 haec
1285 667 1475 722 taliaque
1507 681 1605 709 cum
1644 668 1698 709 ad
1735 669 1798 710 in-

230 728 389 769 vidiam
423 726 610 768 consulis
643 726 1046 781 miserationemque
1080 725 1322 768 Siculorum
1354 726 1610 780 dicerentur,
1651 726 1797 768 mitius

231 789 379 827 tamen
418 785 698 827 decreverunt
735 787 897 838 patres:
943 789 1040 826 acta
1076 784 1131 827 M.
1170 784 1383 839 Marcelli,
1427 799 1534 840 quae
1571 786 1607 826 is
1647 799 1799 841 gerens

232 845 394 887 bellum
420 845 642 897 victorque
670 844 846 898 egisset,
877 846 972 884 rata
996 844 1195 885 habenda
1221 858 1331 897 esse,
1363 844 1408 885 in
1432 844 1646 898 reliquum
1673 859 1798 886 curae

233 904 401 945 senatui
426 902 517 944 fore
543 917 634 944 rem
655 900 988 956 Syracusanam,
1020 902 1383 957 mandaturosque
1410 903 1574 944 consuli
1597 903 1799 958 Laevino,

231 965 297 1016 ut,
336 962 449 1017 quod
487 962 578 1002 sine
616 961 782 1003 iactura
819 961 883 1002 rei
920 961 1118 1015 publicae
1156 961 1247 1002 fieri
1287 964 1453 1015 posset,
1492 962 1674 1004 fortunis
1708 964 1798 1004 cius

233 1021 420 1063 civitatis
454 1020 708 1062 consuleret.
770 1020 914 1061 missis
949 1020 1114 1061 duobus
1152 1020 1423 1062 senatoribus
1461 1021 1507 1062 in
1538 1019 1800 1076 Capitolium

234 1079 288 1121 ad
319 1080 556 1132 consulem,
598 1079 661 1120 uti
698 1078 855 1119 rediret
887 1079 930 1120 in
963 1079 1145 1132 curiam,
1186 1082 1228 1120 et
1265 1078 1518 1121 introductis
1552 1078 1705 1122 Siculis
1738 1094 1800 1121 se-

234 1142 361 1180 natus
394 1138 639 1180 consultum
670 1138 900 1179 recitatum
933 1140 1015 1192 est3
1048 1138 1266 1193 legatique
1300 1138 1480 1192 benigne
1511 1138 1720 1192 appellati
1752 1153 1800 1180 ac

235 1197 402 1239 dimissi
434 1196 487 1238 ad
520 1210 660 1252 genua
693 1211 736 1238 se
761 1195 957 1238 Marcelli
988 1197 1177 1238 consulis
1210 1197 1483 1250 proiecerunt
1516 1197 1802 1253 obsecrantes,

291 1270 446 1311 ,quae
485 1255 769 1310 deplorandae
803 1270 851 1297 ac
889 1256 1095 1297 levandae
1128 1255 1388 1297 calamitatis
1422 1270 1550 1297 causa
1582 1256 1801 1311 dixissent,

234 1315 404 1357 veniam
431 1315 492 1356 eis
520 1315 659 1369 daret,
692 1317 734 1355 et
765 1314 811 1356 in
842 1314 970 1356 fidem
996 1314 1323 1369 clientelamque
1350 1329 1394 1356 se
1426 1315 1658 1369 urbemque
1678 1313 1803 1370 Syra-

282 1455 447 1490 horreum
450 1457 566 1499 atque
580 1454 766 1488 aerarium
783 1454 980 1499 quondam]

236 1502 344 1537 Nach
364 1502 429 1536 der
445 1493 728 1545 'Uberlieferung
746 1500 875 1536 kaufte
889 1501 984 1536 Rom

237 1549 352 1584 sehon
378 1548 415 1582 in
443 1548 507 1582 der
532 1548 693 1582 ‘altesten
716 1547 795 1582 Zeit
810 1547 982 1582 Getreide

235 1596 275 1631 in
313 1595 474 1631 Sicilien.
529 1595 564 1637 2,
604 1598 659 1637 34,
699 1599 717 1628 7
757 1606 891 1640 maqna
930 1596 983 1630 vis

235 1644 412 1687 frumenti
430 1653 473 1677 em
495 1642 627 1677 Sicilia
647 1643 805 1677 advecta.
839 1642 874 1683 4,
889 1646 946 1684 25,
961 1646 982 1676 4

236 1703 271 1725 u.
300 1694 361 1732 52,
391 1694 422 1724 6.
467 1689 580 1724 Hiero
620 1701 695 1723 war
733 1689 803 1724 seit
834 1689 983 1734 Anfang

238 1738 301 1772 des
322 1738 444 1772 ersten
468 1736 671 1781 punischeu
685 1735 839 1782 Krieges
859 1738 983 1771 treuer

236 1784 560 1828 Bundesgenosse,
605 1783 679 1828 vgl.
719 1783 784 1827 22,
824 1787 885 1823 37,
929 1788 982 1825 10,

241 1832 356 1866 daher
381 1831 631 1873 munificentia
657 1841 699 1865 ae
725 1832 839 1866 donis.

283 1891 403 1925 urbem
411 1889 709 1934 pulcherrimam]
722 1889 878 1934 syracus
885 1889 985 1924 ward

239 1938 294 1972 als
320 1937 380 1971 die
406 1938 577 1971 schonste
604 1935 711 1970 stadt.
739 1936 814 1971 fast
846 1937 985 1981 sprich-

238 1984 410 2019 wortlich
426 1984 478 2018 im
488 1984 695 2018 Altertume
710 1986 883 2028 genannt.
900 1984 983 2027 Vgl.

240 2031 386 2066 Ciceros
423 2030 670 2075 Schilderung
707 2031 745 2064 in
784 2030 885 2065 Verr.
923 2030 985 2072 IV,

241 2083 296 2121 52,
318 2082 385 2112 117
412 2079 534 2112 urbem
559 2078 763 2123 Syracusas
789 2079 983 2113 marimum

239 2136 310 2160 esse
335 2125 574 2165 Graecorum,
605 2125 889 2168 pulcherrimam
915 2135 985 2160 om-

240 2173 345 2207 nium
369 2183 473 2215 saepe
499 2172 665 2206 audistis.

287 2231 351 2265 hoc
382 2231 536 2275 denique
566 2229 661 2275 ipso]
698 2229 756 2263 ‘zu
789 2230 987 2274 guterletzt

240 2278 337 2313 noch
349 2278 399 2312 im
411 2276 715 2322 gegenwartigen
724 2276 800 2310 Kr.'
814 2292 821 2319 ;
836 2278 988 2321 denique

240 2325 321 2360 rein
351 2324 518 2366 zeitlich,
551 2324 619 2358 wie
652 2324 691 2358 in
725 2328 801 2358 tum
835 2325 987 2368 denique

242 2389 285 2401 =
310 2375 387 2407 tum
409 2372 558 2406 demum.

288 2440 357 2475 quo
383 2430 458 2475 ore]
488 2430 571 2464 ‘mit
596 2429 756 2465 welcher
783 2428 917 2473 Stirn';
949 2439 986 2464 os

239 2476 460 2512 bezeichnet
485 2477 523 2511 in
550 2477 615 2511 der
633 2476 796 2521 Sprache
817 2476 881 2511 des
906 2478 985 2521 t'ag-

240 2524 366 2559 lichen
384 2524 527 2558 Lebens
553 2523 624 2558 den
646 2523 721 2558 Sitz
747 2523 812 2558 der
834 2523 986 2558 Scham-

240 2570 427 2616 losigkeit.
472 2570 534 2615 40,
561 2574 617 2612 27,
645 2574 686 2604 11
714 2581 783 2615 quo
809 2581 867 2606 ore
892 2571 986 2615 quis-

240 2630 350 2663 quam
375 2622 528 2653 vestrum
555 2638 598 2643 —
625 2622 795 2653 occurret.

289 2676 332 2710 in
361 2676 534 2711 vestibulo
565 2676 682 2722 urbis]
717 2676 781 2711 der
811 2676 985 2711 Redende

242 2722 360 2758 denkt
373 2723 453 2757 sich
467 2723 539 2757 den
553 2723 861 2758 auferstandcnen
873 2723 985 2758 Hiero

242 2781 316 2804 von
341 2769 425 2805 dem
457 2770 708 2815 besichtigten
735 2770 898 2814 Syrakus
925 2771 990 2805 auf

243 2816 328 2851 dem
352 2817 469 2862 Wege
496 2818 591 2852 nach
616 2818 727 2860 Rom;
759 2829 798 2853 so
830 2817 910 2852 dass
937 2828 986 2861 er,

244 2863 309 2897 der
327 2863 388 2898 via
402 2864 524 2909 Appia
544 2865 709 2910 folgend,
731 2875 778 2900 an
795 2865 860 2900 der
879 2866 987 2908 porta

245 2908 393 2953 Capena
413 2912 616 2954 ankommt‚
637 2923 694 2946 wo
715 2912 803 2946 zwei
821 2911 986 2956 Tempel,

1058 1454 1116 1488 die
1162 1453 1358 1489 Marcellus
1408 1453 1571 1498 geweiht
1615 1455 1691 1489 und
1733 1455 1803 1490 mit

1059 1500 1214 1535 Statuen
1252 1512 1317 1536 aus
1358 1501 1519 1545 Syrakus
1559 1502 1802 1545 geschmfickt

1056 1548 1179 1591 hatte,
1220 1547 1386 1583 standen.
1442 1546 1508 1591 25,
1547 1552 1608 1592 40,
1649 1552 1668 1584 3
1713 1549 1802 1584 vise-

1057 1596 1192 1630 bantur
1215 1597 1310 1630 enim
1337 1595 1381 1630 ab
1405 1596 1561 1630 externis
1586 1596 1635 1630 ad
1658 1599 1803 1639 portam

1057 1642 1240 1687 Capenam
1278 1643 1444 1677 dedicata
1479 1654 1501 1677 a
1536 1643 1592 1676 M.
1626 1643 1803 1679 Marcello

1056 1690 1187 1733 templa
1216 1692 1367 1734 propter
1399 1690 1607 1724 eoeeellentia
1640 1690 1716 1725 eius
1746 1701 1803 1736 ye-

1055 1738 1153 1771 neris
1179 1741 1400 1771 ornamenta.
1423 1757 1467 1761 —
1492 1738 1533 1771 in
1558 1737 1731 1772 vestibulo
1757 1754 1802 1767 =

1057 1783 1157 1819 beim
1189 1783 1382 1829 Eingange
1414 1783 1488 1828 vgl.
1522 1783 1586 1823 25,
1616 1788 1676 1828 17,
1704 1789 1725 1819 4
1761 1785 1803 1819 in

1057 1832 1227 1866 vestibulo
1253 1835 1462 1866 castrorum.

1106 1883 1137 1913 6.
1163 1879 1289 1913 mitius
1314 1882 1433 1913 tamen
1458 1878 1703 1924 decreverunt]
1733 1878 1802 1913 ‘sie

1057 1924 1193 1959 fassten
1243 1925 1350 1960 einen
1401 1924 1689 1970 gem'assigteren
1736 1925 1803 1960 Be-

1059 1971 1224 2016 schluss',
1245 1972 1283 2007 in
1303 1974 1430 2017 gutem
1451 1972 1574 2015 Sinnc,
1600 1972 1670 2007 wie
1689 1973 1804 2008 lenior

1057 2020 1258 2063 sententia,
1311 2020 1465 2054 mediam
1513 2020 1658 2055 consilii
1706 2020 1804 2055 viam

1058 2067 1172 2108 ἐπῇ-ε,-
1216 2066 1254 2101 in
1298 2066 1529 2101 schlimmem
1568 2065 1680 2101 Sinne
1719 2067 1805 2112 sagi:

1058 2113 1156 2149 Liv.:
1182 2114 1328 2148 mollius
1353 2114 1534 2148 consulere
1559 2113 1634 2147 und
1658 2114 1804 2158 sequius

1059 2161 1259 2195 consilium.

1107 2211 1189 2241 aeta
1221 2218 1312 2251 quae
1343 2207 1374 2240 is
1401 2226 1443 2231 -
1470 2206 1610 2251 egisset]
1645 2206 1704 2241 die
1729 2205 1802 2241 An-

1059 2254 1244 2298 wendung
1264 2254 1326 2287 des
1348 2253 1431 2287 dem
1450 2253 1693 2297 regierenden
1712 2253 1802 2288 Sub-

1060 2300 1200 2335 stantiv
1226 2299 1599 2335 stammverwandten
1619 2300 1802 2336 Verbums

1059 2349 1110 2382 im
1126 2347 1373 2382 Relativsatze
1392 2347 1441 2381 ist
1460 2347 1540 2381 eine
1561 2347 1647 2381 dem
1664 2347 1803 2383 Curial-

1060 2394 1144 2429 stile
1195 2394 1385 2429 entlehnte
1433 2393 1800 2438 Eigentiimlichkeit.

1059 2444 1134 2476 Aus
1191 2440 1384 2476 der-selben
1434 2440 1563 2482 Quelle
1620 2444 1803 2477 stammen

1058 2488 1398 2532 Wiederholungen
1424 2488 1492 2523 wie
1520 2499 1548 2523 c.
1575 2491 1632 2532 39,
1655 2493 1673 2523 1
1699 2500 1802 2532 prac-

1058 2536 1203 2578 sidium,
1227 2538 1499 2580 praefectusque
1517 2536 1719 2579 praesidii,-
1741 2536 1802 2580 24,

1059 2587 1115 2626 37,
1140 2586 1171 2616 2.
1205 2582 1265 2627 29,
1294 2587 1348 2626 17,
1376 2586 1406 2617 5.
1440 2581 1501 2626 43,
1530 2586 1583 2625 11,
1610 2586 1630 2616 3
1657 2583 1803 2617 comitia

1059 2630 1266 2665 consulibus
1290 2629 1465 2674 royandis
1489 2630 1544 2663 ita
1563 2629 1722 2671 ediceret,
1746 2631 1803 2664 uti

1058 2687 1174 2712 mense
1201 2677 1386 2711 Ianuario
1411 2676 1556 2711 comitia
1580 2678 1693 2710 essent
1712 2687 1745 2710 11.
1767 2687 1799 2712 a.

1107 2728 1139 2760 8
1170 2725 1276 2767 fldem
1314 2722 1594 2767 clientelamque]
1634 2721 1694 2757 die
1725 2722 1802 2758 ein-

1060 2772 1188 2806 zelnen
1218 2770 1425 2805 Provinzen
1461 2768 1625 2814 pfiegten
1661 2768 1700 2803 in
1737 2770 1802 2805 der

1060 2817 1219 2853 Clientcl
1244 2816 1459 2861 derjenigen
1483 2816 1710 2851 vornchmen
1733 2817 1801 2851 Fa-

1058 2864 1186 2899 milien
1217 2876 1260 2898 zu
1290 2863 1436 2905 stehen,
1469 2862 1588 2897 denen
1617 2862 1697 2898 ihre
1731 2863 1802 2899 Be-

1060 2910 1179 2956 sieger
1204 2910 1387 2955 angehort
1418 2910 1558 2945 hatten.
1609 2910 1715 2946 Noch
1741 2922 1803 2946 zur
