1963 3308
203 148 227 166 a.
248 140 312 167 chr.
334 148 362 166 n.
383 142 443 166 211.
736 132 881 168 LIBER
906 133 1036 168 XXVI.
1089 133 1190 170 CAP.
1219 138 1250 169 2.
1273 138 1305 170 3.
1736 134 1763 175 5

201 239 452 293 exercitum,
490 238 601 294 quod
643 253 692 281 ex
732 241 821 283 acie
858 241 1035 296 fugerit,
1074 242 1117 283 in
1158 240 1348 283 Siciliam
1387 241 1674 296 deportatum,
1712 257 1765 284 ne

199 297 317 351 prius
348 298 445 339 inde
479 298 722 340 dimittatur
755 315 884 354 quam
915 300 1052 342 hostis
1084 315 1135 342 ex
1167 300 1296 342 Italia
1328 301 1573 355 decesserit,
1609 303 1653 342 et
1682 301 1765 342 hoc

200 355 312 397 idem
333 356 378 397 in
399 355 473 398 Cn.
493 356 631 398 Fulvii
657 358 899 413 legionibus
920 374 1057 413 nuper
1083 359 1315 401 decretum:
1344 358 1418 402 Cn.
1437 359 1588 401 Fulvio
1615 359 1764 415 fugam

200 428 250 455 ex
281 415 444 469 proelio
470 416 607 470 ipsius
639 418 880 459 temeritate
908 419 1136 459 commisso
1169 419 1427 473 impunitam
1454 433 1564 473 0330,
1597 423 1640 460 et
1668 433 1764 460 eum

198 473 244 514 in
275 487 413 528 ganea
443 475 691 530 lustrisque,
722 476 796 516 ubi
826 476 1044 517 iuventam
1071 477 1224 531 egerit,
1257 480 1519 519 senectutem
1550 481 1763 519 acturum:

198 531 371 583 milites,
418 534 489 588 qui
526 534 633 575 nihil
671 534 786 575 aliud
827 535 1116 588 peccaverint,
1160 549 1287 589 quam
1334 536 1446 590 quod
1490 537 1763 590 imperatoris

199 591 362 633 similes
391 591 570 647 fuerint,
601 593 815 647 relegatos
847 607 981 646 prope
1007 593 1052 633 in
1079 593 1274 634 exsilium
1302 595 1637 649 ignominiosam
1670 596 1761 648 pati

198 655 409 696 militiam.
479 653 583 694 adeo
628 652 836 704 imparem
873 651 1119 692 libertatem
1156 651 1319 694 Romae
1358 652 1437 694 diti
1482 667 1530 694 ac
1573 655 1763 707 pauperi,

197 713 408 755 honorato
436 714 563 765 atque
595 709 854 750 inhonorato
888 724 993 751 0330.
1042 725 1139 752 reus
1167 711 1220 752 ab
1253 726 1296 752 se
1325 712 1494 766 culpam
1526 712 1571 752 in
1604 713 1761 753 milites

196 770 501 813 transferebat:
528 783 599 810 eos
619 768 819 810 ferociter
837 781 1027 823 pugnam
1048 773 1275 824 poscentes
1296 771 1527 825 productos
1548 771 1592 811 in
1615 771 1763 825 aciem,

195 845 284 873 non
315 844 363 871 00
397 843 478 883 quo
504 827 736 881 voluerint,
770 827 870 882 quia
903 842 1043 869 serum
1077 827 1160 870 diei
1191 829 1336 884 fuerit,
1370 830 1443 871 sed
1474 833 1648 885 postero
1682 829 1762 884 die,

196 892 239 931 et
281 890 473 942 tempore
519 889 561 927 et
601 886 697 928 loco
744 900 877 940 aequo
922 886 1174 938 instructos,
1227 903 1299 930 seu
1351 888 1511 930 famam
1557 904 1629 930 seu
1674 888 1761 929 vim

194 947 386 989 hostium
417 960 505 987 non
538 945 808 986 sustinuisse.
864 959 958 986 cum
993 946 1123 987 effuse
1157 961 1303 988 omnes
1335 947 1551 1002 fugerent,
1585 962 1628 989 se
1662 962 1762 1003 quo-

195 1021 275 1062 que
311 1005 440 1047 turba
472 1004 680 1057 ablatum,
719 1006 768 1045 ut
797 1003 1038 1046 Varronem
1071 1004 1286 1047 Cannensi
1318 1021 1482 1062 pugna,
1520 1009 1569 1048 ut
1601 1007 1759 1048 multos

195 1065 302 1106 alios
345 1065 639 1118 imperatores.
710 1063 781 1117 qui
826 1065 969 1104 autem
1015 1064 1154 1105 solum
1194 1080 1238 1106 se
1280 1068 1512 1106 restantem
1558 1065 1760 1120 prodesse

193 1123 256 1165 rei
288 1123 503 1177 publicae,
534 1122 619 1162 nisi
653 1122 688 1163 si
714 1136 829 1163 mors
858 1137 933 1163 sua
958 1123 1146 1164 remedio
1179 1124 1364 1177 publicis
1393 1124 1584 1165 cladibus
1616 1124 1761 1165 futura

195 1185 325 1232 esset,
350 1180 571 1235 potuisse?
602 1195 690 1222 non
712 1195 755 1221 se
775 1181 921 1234 inopia
942 1183 1204 1222 commeatus
1225 1183 1269 1223 111
1297 1183 1392 1224 loca
1420 1184 1569 1238 iniqua
1589 1183 1759 1224 incaute

195 1240 441 1294 deductum,
490 1254 575 1281 non
621 1239 792 1294 agmine
837 1240 1105 1294 inexplorato
1152 1244 1322 1283 euntem
1371 1242 1538 1283 insidiis
1584 1243 1761 1283 circum-

192 1303 376 1341 ventum:
414 1299 456 1339 vi
495 1300 660 1352 aperta,
702 1298 849 1352 armis,
889 1299 978 1340 acie
1016 1299 1188 1340 victum.
1239 1315 1334 1342 mec
1373 1315 1546 1342 suorum
1592 1301 1758 1342 animos

193 1373 272 1400 nec
320 1357 510 1399 hostium
553 1357 598 1397 in
642 1359 857 1410 potestate
900 1357 1120 1399 habuisse:
1173 1374 1296 1400 suum
1341 1360 1492 1414 cuique
1537 1360 1759 1414 ingenium

195 1416 417 1458 audaciam
456 1418 530 1457 aut
565 1429 768 1469 pavorem
806 1416 959 1457 facere.
1020 1416 1087 1457 bis
1127 1420 1192 1458 est
1231 1421 1452 1459 accusatus
1494 1419 1758 1473 pecuniaque

241 1531 434 1576 deportat]
484 1531 659 1566 bedentet
702 1531 936 1576 gewohnlich

194 1579 263 1613 wie
284 1579 454 1613 deducere
470 1578 570 1613 ‘vom
584 1578 937 1623 Kriegsschauplatz

191 1637 275 1670 weg
288 1625 384 1660 nach
398 1625 521 1659 Hause
536 1625 700 1659 schaffen
711 1625 734 1667 3’
751 1625 825 1670 vgl.
842 1636 870 1659 c.
884 1630 937 1668 17,

194 1677 226 1716 6,
261 1673 343 1707 11101·
380 1671 644 1716 ‘wegschaffen
685 1684 746 1706 zur
787 1672 935 1715 Strafe,'

193 1720 264 1755 wie
290 1720 393 1754 sonst
417 1720 573 1763 releyare
598 1722 616 1760 ἓ
639 1722 682 1754 16
703 1731 736 1753 11.
758 1718 819 1761 25,
841 1724 873 1763 5,
896 1723 939 1753 10

195 1766 396 1801 Cannensis
415 1767 591 1801 excercitus
609 1766 786 1810 releqatus
805 1767 847 1800 in
866 1766 940 1801 Sic.

192 1813 269 1848 und
294 1813 354 1856 21,
384 1816 438 1856 10,
461 1816 503 1846 12
530 1813 769 1847 devehendum
792 1814 835 1847 in
853 1814 938 1848 ulti-

193 1870 270 1895 mas
294 1860 409 1894 maris
433 1862 683 1903 terrarumque
708 1870 801 1894 oras.

239 1907 282 1941 in
308 1906 507 1950 leyionibus
527 1935 533 1941 .
556 1933 563 1940 .
579 1906 722 1951 decret]
749 1906 854 1941 nicht
876 1918 939 1951 ge-

193 1964 275 1997 gen,
297 1953 456 1987 sondern
469 1952 507 1986 in
527 1953 610 1987 dem
625 1953 742 1987 durch
757 1953 816 1988 die
831 1953 939 1998 Legi-

194 2011 289 2034 onen
308 2000 524 2044 gegebenen
544 1999 659 2041 Falle,
686 2012 748 2034 zur
767 1999 939 2035 Bezeich-

191 2058 293 2091 nung
315 2047 378 2080 des
399 2046 584 2089 Gebietes,
606 2046 763 2081 welches
783 2058 855 2081 von
877 2047 941 2082 der

193 2093 411 2137 Thatigkeit
438 2093 501 2127 des
523 2093 633 2127 Verb.
662 2093 816 2128 beriihrt
836 2094 937 2128 wird.

192 2140 252 2183 27,
278 2144 334 2182 22,
362 2144 394 2174 6.
427 2140 523 2184 quod
553 2141 595 2174 in
627 2139 672 2175 L.
708 2140 855 2175 Veturio
881 2141 938 2175 de-

192 2191 336 2222 cretum.

242 2238 295 2268 15.
316 2235 358 2268 in
375 2244 494 2278 yanea
515 2233 722 2278 lustrisque]
743 2233 782 2267 in
803 2236 940 2269 wu'ster

194 2280 454 2325 Schwelgerei.
488 2279 549 2323 23,
570 2284 626 2323 45,
647 2284 667 2314 2
689 2281 773 2315 vino
795 2284 827 2315 et
846 2291 939 2316 scor-

192 2327 240 2361 tis
265 2330 297 2361 et
321 2328 487 2362 omnibus
512 2328 638 2362 lustris
663 2328 849 2369 confectos.

240 2374 439 2419 iuventam]
479 2374 541 2408 bei
579 2374 658 2408 Liv.
704 2374 820 2409 findet
859 2375 937 2409 sich

192 2419 414 2454 wiederholt
459 2421 608 2455 iuventa
634 2437 677 2449 =
723 2421 936 2466 Jfinglings-

192 2466 303 2508 alter3
325 2467 493 2501 iuventus
504 2483 548 2495 =
562 2468 720 2509 iuvene83
738 2468 873 2502 ebenso
886 2479 937 2503 se-

192 2516 296 2547 necta
305 2530 349 2541 =
360 2512 628 2556 Greisenalter3
644 2514 701 2548 ein
715 2515 820 2548 mehr
835 2515 936 2549 dich-

192 2559 372 2594 terischer
400 2559 731 2604 Sprachgebrauch
763 2561 837 2594 und
869 2573 937 2596 vor

190 2606 269 2640 ihm
288 2607 326 2640 in
341 2606 455 2640 Prosa
477 2617 547 2640 nur
559 2606 769 2641 vereinzelt.
786 2618 814 2641 c.
834 2612 887 2650 19,
903 2612 934 2642 3.

192 2654 237 2687 ab
251 2654 399 2688 iuventa
413 2653 473 2696 28,
489 2657 545 2696 35,
561 2657 591 2687 7.
630 2656 770 2687 senecta
784 2653 844 2697 24,
859 2658 892 2696 4,
903 2658 934 2690 2.

241 2703 294 2735 16.
321 2700 392 2735 diti
411 2710 454 2734 ac
475 2710 581 2743 pau„
602 2701 682 2735 leon.
712 2703 817 2743 atque
843 2701 934 2745 inlu]

191 2746 256 2781 der
281 2746 372 2791 sing.
399 2757 510 2781 masc.
531 2757 654 2791 gener.
681 2758 744 2780 zur
765 2746 936 2781 Bezeich-

189 2805 292 2838 nung
320 2804 454 2838 ganzer
478 2793 635 2828 Klassen
673 2793 739 2827 hat
769 2793 831 2828 bei
857 2793 935 2830 Liv.

189 2840 299 2874 weite
319 2840 585 2885 Ausdehnung,
605 2840 746 2875 sowohl
766 2840 817 2874 im
837 2841 937 2875 Posi-

189 2885 246 2921 tiv
278 2887 333 2921 als
369 2886 419 2920 im
450 2886 692 2932 Komparativ
724 2898 754 2922 0.
781 2891 837 2932 36,
860 2891 880 2921 9
905 2889 938 2922 si

1011 1534 1106 1576 quod
1119 1534 1311 1578 iniungje-re
1329 1535 1500 1576 inferiori
1518 1534 1615 1568 velis.
1637 1533 1719 1577 2,’9,
1735 1538 1755 1568 3

1010 1580 1247 1615 salubriorem
1262 1582 1366 1625 inopi
1379 1593 1486 1626 quam
1498 1581 1647 1625 potenti.
1658 1601 1705 1606 -
1717 1591 1759 1615 ac

1012 1626 1179 1662 scheidet
1199 1627 1443 1672 Gegensatze3
1470 1628 1544 1672 vgl.
1572 1639 1601 1662 c.
1624 1632 1680 1671 34,
1703 1631 1757 1662 12.

1013 1684 1104 1717 quae
1124 1685 1243 1709 eorum
1265 1685 1372 1710 sacra
1392 1686 1435 1710 ac
1448 1676 1614 1719 profana
1635 1679 1756 1709 essent.

1014 1720 1072 1763 22,
1101 1725 1156 1764 26,
1184 1726 1204 1755 5
1231 1723 1339 1766 aequi
1365 1726 1472 1766 atque
1497 1723 1629 1766 iniqui.

1063 1790 1091 1813 c.
1125 1779 1159 1814 3.
1192 1791 1310 1814 serum
1341 1781 1429 1826 clici]
1469 1781 1534 1815 das
1574 1781 1757 1816 substant.

1013 1826 1141 1861 Neutr.
1181 1827 1280 1861 eines
1317 1827 1401 1872 Adj.
1442 1827 1655 1862 verbunden
1689 1827 1759 1861 mit

1013 1873 1097 1907 dem
1124 1873 1213 1908 Gen.
1241 1874 1340 1909 eines
1368 1875 1489 1908 Subst.
1515 1875 1566 1908 ist
1590 1877 1759 1908 nament-

1012 1919 1088 1954 lich
1132 1932 1194 1954 zur
1231 1921 1492 1966 Bezeichnung
1535 1921 1759 1955 r'aumlicher

1012 1967 1088 2000 und
1114 1967 1302 2002 zeitlicher
1322 1967 1577 2002 Verhstltnisse
1596 1968 1657 2002 bei
1677 1968 1757 2003 Liv.

1014 2014 1097 2047 sehr
1121 2014 1387 2058 gebrauchlich
1412 2014 1478 2057 33,
1511 2018 1568 2058 48,
1596 2019 1616 2049 6
1642 2025 1760 2049 serum

1013 2061 1138 2095 noctis.
1167 2061 1199 2103 7,
1227 2065 1259 2104 8,
1286 2065 1306 2095 5
1331 2072 1449 2096 serum
1480 2063 1563 2096 diei.
1597 2073 1627 2096 c.
1653 2066 1711 2106 45,
1737 2065 1757 2096 8

1011 2108 1167 2141 medium
1193 2109 1282 2150 (liei,
1315 2110 1410 2143 auch
1436 2108 1506 2143 mit
1530 2109 1682 2153 Pr‘apos.
1709 2110 1759 2143 acl

1012 2165 1057 2188 m.
1085 2155 1118 2189 d.
1140 2154 1200 2198 22,
1221 2159 1278 2199 45,
1301 2160 1330 2190 1.
1352 2156 1412 2198 23,
1436 2160 1489 2199 16,
1516 2159 1570 2189 10.
1597 2157 1638 2189 in
1657 2167 1702 2190 m.
1722 2157 1755 2190 d.

1013 2200 1073 2245 27,
1101 2205 1132 2244 2,
1161 2205 1192 2235 9.

1061 2264 1091 2295 2.
1118 2261 1228 2294 turba
1267 2261 1352 2304 abl]
1397 2272 1482 2295 vom
1527 2260 1650 2295 Strom
1693 2262 1757 2296 der

1013 2306 1242 2341 Fliehenden
1280 2307 1531 2352 fortgerissen.
1575 2308 1650 2352 vgl.
1696 2308 1755 2351 22,

1013 2357 1069 2395 49,
1110 2357 1151 2387 12
1192 2354 1390 2388 Lentulum
1429 2355 1525 2389 inter
1563 2356 1757 2389 tumultum

1012 2401 1222 2444 abripuit
1248 2412 1368 2445 equus.

1058 2459 1133 2492 nisi
1151 2459 1197 2504 si]
1215 2470 1503 2503 ausgenommen
1519 2461 1615 2494 etwa
1630 2471 1752 2503 wenn3

1008 2505 1045 2539 in
1078 2505 1300 2540 ironischem
1328 2506 1456 2549 811111ος
1488 2507 1564 2541 nisi
1588 2506 1637 2541 ist
1661 2518 1755 2551 ganz

1010 2564 1093 2586 zum
1132 2553 1291 2588 Adverb.
1327 2553 1536 2598 geworden.
1563 2553 1624 2596 28,
1651 2558 1707 2596 31,
1734 2557 1753 2587 2

1009 2600 1083 2633 nisi
1107 2600 1140 2633 si
1165 2603 1273 2634 terere
1293 2600 1435 2642 frustra
1458 2604 1597 2644 tempus
1616 2601 1752 2635 vellent.

1057 2661 1088 2691 4.
1121 2658 1367 2704 inexplorato]
1419 2658 1640 2701 adverbiell,
1684 2659 1754 2692 wie

1009 2702 1071 2737 bei
1090 2703 1164 2738 Cic.
1185 2705 1300 2739 sehon
1318 2706 1554 2750 inauyurato,
1575 2706 1752 2739 intestato.

1009 2749 1070 2793 27,
1093 2753 1148 2793 26,
1170 2755 1200 2784 6.
1225 2752 1454 2795 inexplorato
1480 2755 1601 2785 euntes
1620 2751 1680 2794 21,
1695 2755 1752 2794 25,

1011 2799 1048 2837 93
1077 2796 1212 2831 ebenso
1239 2799 1424 2841 explorato
1450 2798 1510 2841 27,
1537 2802 1568 2841 2,
1598 2801 1652 2832 12.
1679 2798 1753 2832 nisi

1010 2843 1196 2886 explorato
1216 2843 1277 2887 31,
1297 2848 1330 2886 2,
1359 2848 1389 2879 7.

1058 2893 1088 2923 5.
1127 2890 1179 2924 bis
1217 2894 1266 2925 est
1301 2892 1506 2937 accusatus]
1547 2902 1584 2926 03
1620 2892 1752 2926 hatten

1792 548 1835 578 16

1783 714 1809 754 :xa

1789 960 1808 989 [θ
