1963 3308
157 277 177 308 2
205 281 254 308 ac
285 270 402 307 metu
434 265 605 306 fuerint.

209 157 262 199 78
715 157 860 192 LIBER
886 157 1016 192 XXVI.
1069 156 1170 192 CAP.
1198 162 1253 192 37.

1607 174 1634 192 a.
1655 175 1684 192 u.
1706 168 1768 193 544,-

665 279 768 305 nam
800 263 1083 318 Romaniset
1113 264 1158 304 in
1189 265 1438 317 provinciis,
1475 265 1577 306 hinc
1615 265 1660 306 in
1691 263 1772 305 Hi-

206 325 357 379 spania
390 324 593 365 adversae
623 337 708 376 res,
740 322 841 364 hinc
871 335 1102 376 prosperae
1133 322 1178 363 in
1205 320 1352 364 Sicilia
1382 323 1543 365 luctum
1573 326 1616 365 et
1646 323 1768 364 laeti-

157 395 177 426 3
203 384 312 425 tiam
344 383 623 435 miscuerant,
662 383 704 422 et
735 381 780 421 in
812 381 940 422 Italia
973 395 1067 421 cum
1101 379 1335 421 Tarentum
1368 382 1571 423 amissum
1610 382 1769 424 damno

205 445 247 483 et
279 440 435 494 dolori,
466 442 559 481 tum
590 455 666 481 arx
698 454 794 481 cum
826 439 1039 493 praesidio
1065 442 1231 480 retenta
1262 442 1434 492 praeter
1459 454 1578 494 spem
1610 440 1768 496 gaudio

157 512 178 542 4
203 500 302 555 fuit3
341 502 384 540 et
421 501 629 540 terrorem
664 499 853 540 subitum
895 511 1183 552 pavoremque
1221 498 1339 539 urbis
1370 497 1534 540 Romae
1568 499 1768 540 obsessae

205 562 247 599 et
273 560 547 613 oppugnatae
569 556 716 612 Capua
742 560 841 611 post
868 557 958 598 dies
982 570 1142 611 paucos
1170 559 1298 610 capta
1320 557 1365 597 in
1390 557 1605 598 laetitiam
1628 557 1771 598 vertit.

157 629 176 659 5
203 617 517 658 transmarinae
568 631 735 671 quoque
778 631 846 657 res
898 615 1082 670 quadam
1130 615 1222 656 vice
1272 618 1493 669 pensatae:
1543 615 1773 669 Phi-lippus.

202 676 342 718 hostis
379 678 573 730 tempore
609 675 723 716 haud
763 675 868 716 satis
902 677 1145 729 opportuno
1184 674 1340 728 factus,
1377 674 1525 716 Aetoli
1562 674 1665 716 novi
1697 674 1770 715 ad-

205 735 301 776 sciti
340 735 445 776 socii
476 734 732 787 Attalusque
770 734 902 774 Asiae
938 747 1030 785 rex,
1072 733 1159 774 iam
1197 733 1316 774 velut
1354 732 1647 787 despondente
1684 731 1773 773 for-

157 805 177 836 6
203 797 310 835 tuna
341 793 549 834 Romanis
582 792 809 845 imperium
842 791 1030 833 orientis.
1082 789 1460 846 Carthaginienses
1494 805 1663 846 quoque
1690 789 1770 832 Ca-

204 867 314 906 puae
353 851 536 892 amissae
568 851 802 893 Tarentum
841 852 1015 904 captum
1053 851 1312 905 aequabant,
1351 853 1393 892 et
1431 853 1475 892 ut
1515 851 1568 892 ad
1600 850 1771 891 moenia

205 911 324 952 urbis
344 909 566 951 Romanae
597 909 718 950 nullo
752 908 1007 962 prohibente
1041 923 1085 950 se
1116 909 1360 962 pervenisse
1391 910 1435 950 in
1471 909 1611 964 gloria
1642 922 1771 963 pone-

204 970 329 1023 bant,
373 969 435 1010 ita
472 968 649 1023 pigebat
686 968 797 1008 irriti
835 967 1011 1021 incepti,
1051 967 1327 1022 'pudebatque
1365 968 1468 1009 adeo
1509 982 1554 1010 se
1592 970 1772 1022 spretos,

159 1041 177 1071 7
203 1031 252 1069 ut
298 1028 547 1069 sedentibus
591 1027 695 1081 ipsis
735 1026 788 1067 ad
826 1026 1022 1067 Romana
1058 1026 1228 1067 moenia
1273 1027 1357 1067 alia
1396 1028 1524 1080 porta
1561 1026 1771 1068 exercitus

158 1098 178 1129 8
204 1087 423 1128 Romanus
464 1086 509 1127 in
553 1085 814 1139 Hispaniam
858 1085 1093 1126 duceretur.

1153 1084 1272 1138 ipsae
1315 1099 1481 1139 quoque
1521 1084 1772 1139 Hispaniae,

207 1161 290 1200 quo
324 1145 500 1200 propius
534 1159 653 1198 spem
682 1147 889 1186 venerant
919 1144 1055 1185 tantis
1088 1143 1254 1185 duobus
1286 1143 1463 1185 ducibus
1497 1144 1772 1185 exercitibus-

206 1219 286 1259 que
325 1205 459 1245 caesis
499 1203 762 1245 debellatum
800 1203 861 1244 ibi
900 1217 947 1244 ae
989 1203 1136 1256 pulsos
1174 1202 1271 1243 inde
1309 1202 1527 1244 Romanos
1567 1216 1678 1256 esse,
1721 1215 1770 1244 eo

204 1264 320 1318 plus,
365 1263 418 1304 ab
462 1262 508 1303 L.
547 1262 710 1304 Marcio
754 1262 1035 1303 tumultuario
1078 1261 1182 1303 duee
1221 1261 1274 1302 ad
1318 1276 1477 1303 vanum
1516 1264 1557 1302 et
1600 1261 1772 1302 irritum

158 1333 177 1365 9
205 1323 432 1364 victoriam
453 1321 669 1363 redactam
692 1336 796 1375 esse,
816 1320 1126 1376 indignationis
1157 1321 1435 1374 praebebant.
1477 1321 1540 1362 ita
1561 1321 1774 1375 aequante

252 1419 355 1450 2—5.
395 1414 551 1448 Erster
578 1413 677 1448 Teil
710 1413 786 1448 der
811 1406 950 1448 Uber-

207 1462 346 1503 sicht3
398 1461 657 1506 Darlegung
709 1461 784 1495 der
833 1460 951 1505 Lage

205 1509 310 1543 Rom
322 1520 347 1543 s.
382 1508 452 1542 Mit
472 1512 503 1542 et
524 1529 567 1533 —
589 1512 620 1542 et
640 1529 683 1533 —
705 1512 736 1542 et
754 1528 796 1532 —
816 1518 952 1552 qaoque

205 1555 355 1590 werden
374 1556 452 1590 vier
473 1555 622 1590 Glieder
644 1555 864 1600 eingeffihrt,
893 1554 951 1588 die

204 1604 243 1637 in
281 1602 359 1637 sich
396 1602 532 1637 wieder
564 1603 633 1637 mit
665 1603 750 1636 hine
782 1622 825 1627 —
857 1603 951 1645 hinc,

206 1661 286 1685 cum
306 1670 350 1674 —-
372 1653 460 1692 tum,
483 1649 602 1684 Roma
620 1670 665 1674 —
688 1649 834 1694 Capua,
864 1649 952 1683 Pha·-

207 1697 329 1741 Iz'ppus
349 1717 392 1721 —
416 1697 537 1731 Aetoli
557 1697 595 1741 je
621 1696 659 1730 in
685 1695 774 1730 zwei
799 1696 952 1730 Halften

206 1743 394 1779 zerfallen.

254 1792 386 1826 luctam
412 1795 444 1825 et
466 1790 657 1836 laetitiam]
679 1789 950 1825 alliterierende

206 1838 463 1882 Yerbindung,
497 1839 566 1872 wie
599 1837 723 1872 solche
749 1837 828 1871 Liv.
858 1837 952 1872 liebt

206 1898 239 1919 u.
260 1885 299 1919 in
319 1886 501 1919 manchen
522 1883 951 1929 Zusammenstellungen

206 1932 423 1967 formelhaft
454 1932 676 1966 verwendet.
717 1935 735 1973 ἓ
763 1935 782 1966 3
816 1932 950 1966 damno

206 1983 238 2014 et
258 1980 383 2015 dolori.
418 1982 437 2021 ξ
453 1984 474 2014 4
488 1980 645 2014 obsessae
665 1982 697 2013 et
710 1982 951 2023 oppuynatae.

207 2027 248 2070 6,
281 2031 319 2070 3,
356 2030 376 2060 4
410 2027 543 2061 lac-tam
576 2027 832 2070 lacrimasque,
869 2026 951 2060 ebd.

208 2079 226 2116 ἕ
249 2078 268 2108 6
295 2074 535 2118 conylobandz'
562 2074 792 2117 coeundique.
831 2072 890 2116 26,
919 2076 951 2113 6,

209 2125 252 2156 16
264 2120 359 2163 fame
372 2121 547 2164 ferroque.
579 2124 636 2163 49,
660 2124 699 2154 11
717 2131 806 2154 cara
820 2120 951 2154 cultas-

206 2179 281 2213 que.
322 2179 351 2202 c.
380 2171 442 2210 50,
471 2171 513 2201 13
540 2168 759 2211 beniynitate
785 2178 827 2201 ae
853 2167 951 2201 bene-

206 2216 319 2257 fieiis;
345 2226 373 2249 e.
402 2218 464 2257 39,
499 2218 539 2248 11
567 2215 604 2248 υἱ
633 2225 675 2249 ae
702 2215 832 2248 virtute
858 2225 892 2247 u.
919 2223 951 2247 a.

255 2266 286 2297 3.
302 2273 372 2296 arx
385 2261 538 2306 retenta]
554 2260 628 2296 ‘die
642 2259 951 2306 gliicklicheVer—

206 2309 434 2353 teidigung’3
460 2308 656 2343 stehender
671 2307 863 2342 Ausdruck
880 2318 953 2341 von

208 2356 302 2399 dem,
317 2366 392 2390 was
404 2366 489 2389 man
500 2356 570 2389 mit
578 2354 724 2389 Waffen
735 2354 952 2398 behauptet,

206 2402 382 2436 wahrend
408 2402 472 2436 der
496 2402 613 2437 Feind
645 2402 798 2436 anderes
824 2401 862 2435 in
885 2401 952 2435 Be—

208 2449 275 2484 sitz
307 2449 452 2483 nimmt.
492 2460 520 2484 c.
549 2453 603 2492 39,
631 2454 669 2483 11
704 2452 841 2483 retenta
869 2458 951 2492 pos—

206 2497 358 2531 sessione
378 2496 484 2530 arcis.
512 2495 571 2539 23,
599 2500 654 2538 30,
677 2500 694 2530 7
721 2506 791 2530 ara:
810 2498 951 2529 tantum

207 2546 355 2578 retenta.
382 2542 442 2585 24,
469 2546 525 2586 39,
554 2547 584 2577 7.

256 2595 286 2625 5.
307 2591 465 2635 quadam
482 2591 557 2624 vice
570 2589 761 2634 pensatae]
789 2588 952 2633 ‘glichen

209 2637 286 2672 sich
319 2637 434 2671 durch
466 2636 526 2671 ein
558 2636 731 2681 gewisses
763 2635 951 2670 Wechsel-

207 2684 425 2719 verbaltniss
457 2695 539 2724 aus;
578 2695 708 2728 wogen
742 2683 819 2717 sich
845 2684 953 2718 unter

208 2731 384 2766 einander
410 2730 500 2766 auf'.
528 2730 593 2774 27,
614 2734 676 2773 40,
697 2734 716 2765 2
744 2731 863 2765 adhuc
888 2730 950 2764 ad-

207 2789 309 2812 versa
334 2779 500 2813 secundis
519 2779 710 2821 pensando
741 2789 813 2812 rem
840 2777 888 2811 ad
913 2777 953 2811 id

207 2828 344 2869 tempas
363 2828 561 2860 extractam
575 2836 646 2859 esse
658 2826 747 2866 (viee
761 2825 798 2858 in
813 2824 951 2859 diesem

209 2870 318 2905 Sinne
344 2872 404 2905 bei
424 2872 502 2906 Liv.
526 2884 595 2906 nur
614 2872 766 2906 Ablativ
788 2871 820 2914 7,
841 2875 896 2914 31,
919 2874 950 2904 6.

207 2919 281 2953 viee
306 2919 540 2960 fortunarum
565 2922 743 2962 suarum).

1072 1412 1219 1458 adsciti]
1254 1413 1351 1447 adse.
1378 1412 1477 1446 steht
1504 1412 1692 1446 entweder
1716 1411 1773 1446 als

1024 1460 1122 1494 verb.
1150 1458 1295 1494 transit.
1322 1459 1391 1493 mit
1413 1458 1771 1504 Objektsaccusativ,

1025 1507 1114 1541 oder
1139 1506 1207 1541 mit
1234 1508 1273 1541 in
1295 1506 1371 1541 und
1391 1507 1440 1540 ad
1457 1506 1682 1549 verbunden,
1709 1517 1772 1539 zur

1023 1553 1283 1598 Bezeichnung
1318 1553 1381 1588 des
1412 1553 1701 1596 Verhaltnisses,
1732 1552 1772 1586 in

1026 1601 1091 1635 das
1113 1600 1200 1643 jem.
1223 1601 1507 1646 aufgenommen
1530 1599 1638 1634 wird:
1664 1610 1772 1644 ρεπεν

1026 1649 1206 1690 adscitas‚·
1241 1648 1289 1682 ad
1325 1648 1543 1690 societatem,
1580 1658 1692 1692 spem,
1731 1647 1772 1680 in

1021 1696 1203 1739 patriam,
1245 1695 1283 1729 in
1322 1695 1519 1738 familiam,
1563 1695 1604 1728 in
1644 1704 1772 1729 nomen

1025 1743 1232 1778 adsciscere,

1074 1804 1175 1836 6—9.
1206 1801 1396 1835 Zweiter
1416 1799 1517 1834 Teil
1537 1800 1612 1835 der
1632 1800 1771 1834 Uber-

1026 1848 1161 1890 sicht;
1212 1848 1329 1891 Lage
1380 1847 1456 1881 der
1504 1846 1772 1891 Karthager.

1024 1894 1130 1930 Aueh
1156 1895 1235 1929 hier
1261 1894 1380 1929 bildet
1405 1893 1483 1928 Liv.
1511 1894 1590 1929 vier
1611 1893 1772 1938 Glieder,

1025 1942 1083 1976 die
1105 1942 1173 1976 mit
1199 1953 1335 1986 quoque
1355 1961 1398 1966 --
1419 1944 1451 1975 et
1471 1962 1513 1966 —
1535 1952 1602 1985 que
1622 1961 1665 1966 -—
1685 1951 1772 1986 quo-

1024 2000 1090 2034 que
1125 1989 1335 2034 eingefiihrt
1366 1988 1514 2023 werden
1551 1988 1626 2022 und
1664 1990 1772 2023 unter

1025 2037 1103 2071 sich
1136 2036 1202 2070 mit
1237 2035 1366 2080 Capua
1399 2056 1442 2060 -—
1479 2035 1697 2077 Tarentam5
1730 2037 1772 2069 ut

1026 2104 1068 2108 —
1086 2084 1156 2125 ita;
1184 2084 1274 2127 ipsis
1294 2103 1337 2107 —-
1357 2083 1554 2124 exereitus;
1579 2092 1648 2126 quo
1669 2102 1711 2106 -—
1733 2092 1771 2116 eo

1021 2130 1059 2175 je
1085 2130 1123 2164 in
1149 2130 1240 2165 zwei
1266 2129 1418 2164 H'alften
1443 2129 1629 2164 zei-fallen.

1024 2190 1111 2270 helan
1134 2188 1501 2269 hiia‘lsrtissileffmfflrlit]
1512 2186 1771 2268 Βξέἷῃζϋξῑῗῇ

1025 2282 1268 2317 anrechnen'.
1337 2263 1420 2326 {rgL
1466 2280 1532 2323 34,
1577 2285 1614 2324 5,
1658 2285 1678 2315 3
1730 2281 1771 2315 in

1024 2330 1135 2410 ιῐιιῖᾗὶο
1156 2340 1291 2373 ponere
1305 2345 1348 2357 =-
1364 2328 1418 2362 als
1441 2328 1665 2363 zweifelhaft
1690 2327 1771 2362 hin-

1025 2378 1079 2411 ste
1113 2387 1167 2410 en.

1073 2440 1104 2470 8.
1120 2436 1276 2479 propius
1289 2444 1385 2478 spem
1399 2454 1442 2459 —-
1457 2434 1670 2468 debellatum
1683 2433 1769 2478 esse]

1026 2482 1131 2516 Nach
1164 2482 1235 2516 den
1261 2481 1393 2515 Verbis
1426 2481 1489 2515 des
1515 2480 1665 2515 Hoffens
1693 2481 1770 2514 und

1024 2528 1264 2563 verwandten
1295 2528 1538 2562 Ausdrfieken
1573 2528 1674 2562 steht
1705 2526 1770 2560 der

1025 2576 1091 2610 Inf.
1118 2576 1232 2619 Perf.,
1259 2587 1320 2609 um
1347 2587 1391 2609 zu
1416 2574 1657 2617 bezeichnen,
1689 2572 1769 2607 dass

1026 2623 1083 2658 die
1121 2624 1342 2667 Erwartung
1387 2622 1466 2657 eine
1509 2621 1650 2656 sichere
1693 2619 1769 2653 und

1026 2670 1085 2705 die
1118 2670 1235 2705 Saehe
1268 2669 1380 2704 sehon
1417 2679 1456 2703 so
1494 2669 1562 2712 gut
1598 2666 1668 2701 wie
1706 2665 1768 2701 ab-

1026 2717 1201 2763 gemacht
1227 2727 1395 2760 gewesen
1423 2715 1485 2750 sei.

1073 2780 1103 2811 9.
1133 2779 1307 2820 aequante
1331 2772 1497 2817 fortuna]
1525 2772 1595 2806 mit
1625 2771 1767 2806 fehlen-

1025 2823 1109 2857 dem
1150 2821 1303 2866 Objekt,
1348 2820 1505 2854 welches
1543 2830 1607 2853 aus
1645 2819 1768 2853 omnia

1025 2872 1260 2904 entnommen
1302 2866 1450 2901 werden
1493 2866 1609 2908 kann3
1654 2875 1767 2910 unge-

1023 2915 1220 2951 wohnlich.
