1963 3308
691 166 835 201 LIBER
861 165 990 201 XXVI.
1041 165 1142 201 CAP.
1171 168 1225 200 51.
1657 162 1738 203 109

184 188 211 205 ιι.
233 178 298 205 chr.
318 186 347 203 n.
370 178 430 203 210.

187 291 315 331 quam
346 278 393 317 ut
423 275 512 331 tegi
544 289 592 317 ac
625 274 886 316 dissimulari
918 276 1083 328 posset,
1116 273 1342 315 elevabant
1374 272 1532 314 verbis:
1570 272 1740 326 necopi-

187 337 291 377 nato
318 335 502 376 adventu
528 349 576 376 ac
607 348 739 388 prope
770 333 885 375 furto
911 333 1036 375 unius
1064 332 1146 373 diei
1177 333 1326 373 urbem
1352 346 1480 373 unam
1505 329 1739 385 Hispaniae

186 394 486 448 interceptam3
518 393 636 435 cuius
668 394 729 434 rei
761 394 851 434 tam
883 406 1039 447 parvae
1071 392 1262 446 praemio
1293 391 1452 432 elatum
1483 390 1740 432 insolentem

186 453 384 494 iuvenem
409 452 636 494 immodico
658 452 812 507 gaudio
834 452 1016 505 speciem
1037 464 1218 505 magnae
1240 451 1442 491 victoriae
1468 449 1740 504 imposuisse;

186 514 232 554 at
262 512 337 554 ubi
370 512 708 566 appropinquare
754 513 839 551 tres
873 510 1016 564 duces,
1053 512 1140 550 tres
1179 510 1362 550 victores
1400 508 1590 550 hostium
1626 523 1740 549 exer-

186 571 295 613 citus
329 571 533 624 audisset,
565 584 834 611 occursuram
867 569 904 609 ei
937 568 1146 621 extemplo
1180 567 1510 609 domesticorum
1542 567 1740 609 funerum

186 630 448 672 memoriam.
491 629 595 670 haec
621 629 666 669 in
693 627 845 682 vulgus
871 627 1101 679 iactabant,
1128 626 1455 680 haudquaquam
1481 626 1564 680 ipsi
1590 626 1740 681 ignari,

187 692 393 745 quantum
426 688 507 730 sibi
540 687 590 728 ad
623 686 768 728 omnia
798 685 952 727 virium
985 683 1247 740 Carthagine
1286 685 1444 726 amissa
1479 685 1740 726 decessisset.

238 820 289 851 12.
320 826 434 861 prope
468 816 568 859 furto
601 834 643 838 —
676 813 924 858 interceptam]

186 876 229 899 zu
260 864 360 907 furto
386 874 417 897 c.
443 865 504 905 39,
533 865 593 904 113
627 861 691 895 das
723 860 806 894 Bild
839 871 926 894 vom

184 911 326 954 furtum
350 909 443 943 wird
468 909 506 943 in
536 909 769 953 interceptam
801 907 925 942 beibe-

186 958 329 1000 halten;
366 956 452 1001 eig.:
491 956 791 1000 unterscMageu,
828 966 926 1000 weg—

185 1004 379 1049 gefangen.
406 1003 466 1046 39,
481 1007 537 1048 27,
554 1007 573 1037 2
594 1014 658 1038 uec
676 1014 781 1037 suum
795 1013 927 1037 munus

183 1052 355 1096 intercipi
380 1051 425 1086 ab
452 1051 526 1086 alio
545 1051 726 1095 patiatur.

233 1099 338 1133 cuius
361 1099 416 1132 rei
440 1100 463 1132 t.
484 1109 523 1142 p.
550 1101 592 1132 et.
619 1109 649 1142 q.
674 1097 716 1142 s.]
747 1097 845 1131 ‘dem
861 1097 925 1131 Er-

185 1145 288 1191 folge
314 1145 430 1180 dieses
458 1144 608 1179 kleinen
632 1144 925 1179 Unternehmens

999 812 1113 847 durch
1136 812 1311 847 masslose
1331 812 1473 847 Frende
1499 812 1740 858 hingerissen‚

1000 860 1070 894 den
1095 859 1281 894 Anschein
1308 859 1406 894 eines
1441 859 1588 904 grossen
1615 859 1740 905 Sieges

998 906 1189 953 gegeben.'

1050 959 1102 989 13.
1135 965 1367 989 occursuram
1404 955 1624 1000 memoriam]
1660 954 1738 990 Liv.

1000 1003 1084 1046 sagt
1108 1002 1266 1036 occurrit
1291 1001 1367 1035 und
1394 1003 1574 1036 succurrit
1601 1003 1742 1046 aliquid

999 1049 1132 1090 alicui,·
1166 1047 1226 1093 25,
1253 1052 1308 1093 24,
1338 1052 1390 1093 12,
1425 1060 1455 1083 c.
1485 1053 1541 1091 37,
1576 1053 1634 1092 16,
1667 1049 1741 1084 und

999 1097 1168 1131 memoria
1219 1097 1376 1131 occurrit
1421 1095 1515 1130 ohne
1553 1096 1664 1130 Dativ
1707 1097 1739 1132 d.

999 1143 1135 1178 Person
1161 1142 1220 1187 25,
1247 1146 1305 1185 38,
1330 1146 1361 1177 8.

187 1193 284 1228 habe
311 1193 375 1228 der
400 1191 637 1227 anmassende
662 1192 778 1237 junge
803 1192 926 1234 Manu,

666 1499 898 1542 Periocha
930 1499 1050 1541 libri
1081 1498 1260 1541 XXVI.

304 1677 524 1719 Hannibal
546 1677 598 1718 ad
618 1677 791 1718 tertium
817 1676 1004 1731 lapidem
1025 1677 1078 1718 ab
1099 1676 1202 1717 urbe
1222 1675 1360 1718 Roma
1385 1691 1510 1731 super
1531 1677 1743 1718 Anienem

188 1739 329 1778 castra
354 1737 507 1790 posuit.
547 1736 639 1790 ipse
660 1751 754 1777 cum
781 1736 945 1777 duobus
964 1736 1137 1776 milibus
1158 1735 1347 1790 equitum
1367 1750 1500 1790 usque
1527 1736 1579 1776 ad
1604 1736 1742 1790 ipsam

186 1793 403 1850 Capenam
440 1798 627 1849 portam,
664 1798 712 1836 ut
750 1796 878 1836 situm
911 1795 1028 1836 urbis
1062 1794 1321 1849 exploraret,
1363 1795 1638 1849 obequitavit.
1701 1799 1742 1836 et

186 1868 282 1895 cum
319 1868 394 1908 per
430 1854 618 1895 triduum
655 1854 699 1895 in
732 1854 865 1896 aciem
902 1854 1116 1908 utrimque
1149 1854 1358 1894 exercitus
1391 1855 1530 1895 omnis
1569 1854 1741 1895 descen-

187 1912 329 1967 disset,
355 1915 571 1955 certamen
596 1915 828 1967 tempestas
856 1913 1043 1966 diremit,
1068 1927 1169 1954 nam
1195 1926 1291 1954 cum
1316 1913 1359 1953 in
1387 1915 1526 1954 castra
1551 1912 1741 1966 redisset,

189 1972 335 2013 statim
368 1972 573 2013 serenitas
607 1975 710 2015 erat.
773 1971 917 2026 Capua
949 1974 1075 2026 capta
1107 1975 1172 2012 est
1204 1986 1229 2012 a
1261 1970 1308 2020 Q.
1339 1971 1488 2013 Fulvio
1527 1974 1569 2012 et
1599 1971 1740 2026 Appio

187 2029 366 2073 Claudio
399 2045 504 2073 coss.
557 2031 769 2086 principes
794 2029 1111 2085 Campanorum
1136 2044 1299 2072 veneno
1328 2030 1411 2071 sibi
1437 2033 1618 2072 mortem
1645 2045 1741 2072 con-

186 2090 411 2131 sciverunt.
460 2104 556 2131 cum
589 2092 759 2131 senatus
792 2089 1107 2144 Campanorum
1146 2089 1357 2144 deligatus
1391 2092 1503 2131 esset
1535 2090 1587 2131 ad
1619 2090 1741 2144 palos

185 2151 234 2190 ut
266 2149 400 2190 securi
438 2148 655 2203 feriretur,
694 2149 839 2190 literas
874 2164 898 2190 a
930 2151 1080 2190 senatu
1117 2149 1270 2189 missas
1305 2147 1352 2197 Q.
1384 2148 1559 2190 Fulvius
1592 2149 1742 2190 consul

188 2208 341 2262 quibus
373 2208 601 2249 iubebatur
631 2222 822 2262 parcere,
855 2210 1083 2263 antequam
1114 2208 1292 2262 legeret,
1323 2208 1367 2249 in
1397 2208 1493 2249 sinu
1524 2208 1669 2262 posuit
1701 2211 1743 2249 et

186 2266 281 2321 lege
315 2267 385 2322 agi
421 2267 547 2308 iussit
579 2269 621 2308 et
653 2267 908 2322 supplicium
946 2267 1125 2321 peregit.
1182 2281 1278 2308 cum
1310 2266 1495 2308 comitiis
1534 2269 1639 2321 aput
1669 2282 1741 2321 po-

185 2325 334 2379 pulum
377 2328 664 2381 quaereretur,
714 2326 782 2368 cui
831 2325 1108 2367 mandaretur
1149 2325 1459 2379 Hispaniarum
1505 2326 1742 2380 imperium,

186 2383 305 2425 nullo
349 2384 393 2425 id
430 2385 595 2426 volente
636 2386 866 2440 suscipere,
914 2385 958 2426 P.
997 2383 1158 2439 Scipio,
1196 2384 1240 2426 P.
1277 2384 1393 2426 filius
1433 2385 1540 2438 eius,
1584 2384 1656 2439 qui
1698 2385 1743 2425 in

186 2441 398 2496 Hispania
423 2442 646 2497 ceciderat,
676 2444 893 2498 professus
919 2446 985 2485 est
1015 2458 1060 2485 se
1091 2444 1251 2485 iturum
1284 2446 1325 2485 et
1357 2443 1562 2498 suffragio
1594 2444 1743 2498 populi

188 2515 479 2556 consensuque
512 2502 700 2543 omnium
737 2503 893 2544 missus
925 2502 1093 2545 Novam
1127 2500 1434 2557 Carthaginem
1473 2503 1743 2558 expugnavit,

188 2574 283 2601 cum
314 2560 492 2601 haberet
523 2575 657 2602 annos
689 2561 859 2602 XXIIII
889 2562 1182 2616 videreturque
1222 2561 1363 2603 divina
1402 2562 1532 2616 stirpe
1565 2564 1743 2614 creatus,

188 2619 288 2673 quia
326 2621 368 2660 et
405 2618 496 2672 ipse
534 2621 763 2673 postquam
799 2623 947 2675 togam
985 2622 1207 2674 acceperat
1246 2620 1400 2662 cotidie
1444 2621 1488 2661 in
1527 2618 1741 2674 Capitolio

190 2680 297 2732 erat,
336 2680 378 2718 et
416 2678 461 2718 in
493 2677 684 2719 cubiculo
723 2679 874 2719 matris
907 2678 995 2719 eius
1029 2679 1180 2732 anguis
1220 2693 1345 2733 saepe
1376 2679 1612 2720 videbatur.
1673 2692 1740 2719 res

188 2739 409 2790 praeterea
447 2740 588 2791 gestas
627 2737 672 2777 in
706 2735 849 2778 Sicilia
881 2737 1070 2778 continet
1102 2739 1144 2777 et
1184 2737 1416 2778 amicitiam
1448 2751 1543 2778 cum
1575 2737 1740 2778 Aetolis

189 2796 379 2837 iunctam
417 2796 658 2850 bellumque
698 2798 864 2850 gestum
904 2795 1104 2836 adversus
1137 2795 1384 2836 Acarnanas
1424 2798 1465 2836 et
1494 2795 1742 2849 Philippum

189 2852 464 2896 Macedoniae
494 2868 651 2909 regem.

1769 282 1809 312 12

1770 518 1809 549 13

1769 636 1811 667 14
