<?xml version="1.0" encoding="UTF-8"?>
<!DOCTYPE html PUBLIC "-//W3C//DTD XHTML 1.0 Transitional//EN"
    "http://www.w3.org/TR/xhtml1/DTD/xhtml1-transitional.dtd">
<html xmlns="http://www.w3.org/1999/xhtml" xml:lang="en" lang="en">
 <head>
  <title>
</title>
<meta http-equiv="Content-Type" content="text/html;charset=utf-8" />
  <meta name='ocr-system' content='tesseract 3.04.00' />
  <meta name='ocr-capabilities' content='ocr_page ocr_carea ocr_par ocr_line ocrx_word'/>
</head>
<body>
  <div class='ocr_page' id='page_1' title='image "./aburbeconditalib26livyuoft_0127.png"; bbox 0 0 1963 3308; ppageno 0'>
   <div class='ocr_carea' id='block_1_1' title="bbox 147 151 1272 191">
    <p class='ocr_par' dir='ltr' id='par_1_1' title="bbox 147 151 1272 191">
     <span class='ocr_line' id='line_1_1' title="bbox 147 151 1272 191; baseline -0.004 -1"><span class='ocrx_word' id='word_1_1' title='bbox 147 174 170 191; x_wconf 50' lang='lat' dir='ltr'><strong>a„</strong></span> <span class='ocrx_word' id='word_1_2' title='bbox 192 165 257 191; x_wconf 75' lang='lat' dir='ltr'><strong>chr.</strong></span> <span class='ocrx_word' id='word_1_3' title='bbox 277 172 304 190; x_wconf 83' lang='lat' dir='ltr'><strong>n.</strong></span> <span class='ocrx_word' id='word_1_4' title='bbox 325 165 386 190; x_wconf 73' lang='lat'>210.</span> <span class='ocrx_word' id='word_1_5' title='bbox 606 153 750 188; x_wconf 87' lang='lat' dir='ltr'>LIBER</span> <span class='ocrx_word' id='word_1_6' title='bbox 775 152 903 189; x_wconf 86' lang='lat' dir='ltr'><strong>XXVI.</strong></span> <span class='ocrx_word' id='word_1_7' title='bbox 955 151 1056 188; x_wconf 84' lang='lat' dir='ltr'>CAP.</span> <span class='ocrx_word' id='word_1_8' title='bbox 1084 155 1139 187; x_wconf 88' lang='lat'><strong>49.</strong></span> <span class='ocrx_word' id='word_1_9' title='bbox 1167 155 1221 186; x_wconf 86' lang='lat'><strong>50.</strong></span> <span class='ocrx_word' id='word_1_10' title='bbox 1267 157 1272 161; x_wconf 88' lang='grc'><strong><em>·</em></strong></span> 
     </span>
    </p>
   </div>
   <div class='ocr_carea' id='block_1_2' title="bbox 1615 149 1698 190">
    <p class='ocr_par' dir='ltr' id='par_1_2' title="bbox 1615 149 1698 190">
     <span class='ocr_line' id='line_1_2' title="bbox 1615 149 1698 190; baseline 0 0"><span class='ocrx_word' id='word_1_11' title='bbox 1615 149 1698 190; x_wconf 77' lang='lat'><strong>105</strong></span> 
     </span>
    </p>
   </div>
   <div class='ocr_carea' id='block_1_3' title="bbox 147 260 1778 1260">
    <p class='ocr_par' dir='ltr' id='par_1_3' title="bbox 147 260 1777 730">
     <span class='ocr_line' id='line_1_3' title="bbox 149 260 1704 317; baseline -0.004 -13"><span class='ocrx_word' id='word_1_12' title='bbox 149 263 291 305; x_wconf 92' lang='lat' dir='ltr'><strong>dibilis</strong></span> <span class='ocrx_word' id='word_1_13' title='bbox 329 262 442 304; x_wconf 88' lang='lat' dir='ltr'><strong>filiae</strong></span> <span class='ocrx_word' id='word_1_14' title='bbox 481 266 603 303; x_wconf 86' lang='lat' dir='ltr'><strong>erant</strong></span> <span class='ocrx_word' id='word_1_15' title='bbox 640 263 831 317; x_wconf 88' lang='lat' dir='ltr'><strong>aliaeque</strong></span> <span class='ocrx_word' id='word_1_16' title='bbox 869 261 1092 303; x_wconf 84' lang='lat' dir='ltr'><strong>nobilitate</strong></span> <span class='ocrx_word' id='word_1_17' title='bbox 1131 260 1242 315; x_wconf 88' lang='lat' dir='ltr'><strong>pari,</strong></span> <span class='ocrx_word' id='word_1_18' title='bbox 1284 273 1391 314; x_wconf 88' lang='lat' dir='ltr'><strong>quae</strong></span> <span class='ocrx_word' id='word_1_19' title='bbox 1431 272 1578 300; x_wconf 91' lang='lat' dir='ltr'><strong>omnes</strong></span> <span class='ocrx_word' id='word_1_20' title='bbox 1611 272 1704 299; x_wconf 87' lang='lat' dir='ltr'><strong>eam</strong></span> 
     </span>
     <span class='ocr_line' id='line_1_4' title="bbox 147 316 1776 377; baseline -0.004 -14"><span class='ocrx_word' id='word_1_21' title='bbox 147 336 224 377; x_wconf 89' lang='lat' dir='ltr'><strong>pro</strong></span> <span class='ocrx_word' id='word_1_22' title='bbox 268 323 444 376; x_wconf 88' lang='lat' dir='ltr'><strong>parente</strong></span> <span class='ocrx_word' id='word_1_23' title='bbox 484 321 696 363; x_wconf 87' lang='lat' dir='ltr'><strong>colebant.</strong></span> <span class='ocrx_word' id='word_1_24' title='bbox 757 324 848 362; x_wconf 88' lang='lat' dir='ltr'><strong>tum</strong></span> <span class='ocrx_word' id='word_1_25' title='bbox 887 319 1028 375; x_wconf 80' lang='lat' dir='ltr'><strong>Scipio</strong></span> <span class='ocrx_word' id='word_1_26' title='bbox 1075 319 1208 360; x_wconf 86' lang='lat' dir='ltr'><strong>meae</strong></span> <span class='ocrx_word' id='word_1_27' title='bbox 1253 318 1484 373; x_wconf 87' lang='lat' dir='ltr'>populique</span> <span class='ocrx_word' id='word_1_28' title='bbox 1520 316 1704 358; x_wconf 88' lang='lat' dir='ltr'><strong>Romani</strong></span> <span class='ocrx_word' id='word_1_29' title='bbox 1734 328 1776 358; x_wconf 83' lang='lat'><strong>14</strong></span> 
     </span>
     <span class='ocr_line' id='line_1_5' title="bbox 149 377 1705 434; baseline -0.003 -12"><span class='ocrx_word' id='word_1_30' title='bbox 149 380 398 434; x_wconf 88' lang='lat' dir='ltr'><strong>disciplinae</strong></span> <span class='ocrx_word' id='word_1_31' title='bbox 443 394 572 422; x_wconf 85' lang='grc'>001180</span> <span class='ocrx_word' id='word_1_32' title='bbox 621 379 825 421; x_wconf 82' lang='lat' dir='ltr'><strong>facerem’</strong></span> <span class='ocrx_word' id='word_1_33' title='bbox 875 379 1014 434; x_wconf 80' lang='lat' dir='ltr'><strong>inquit</strong></span> <span class='ocrx_word' id='word_1_34' title='bbox 1061 378 1133 419; x_wconf 74' lang='lat' dir='ltr'><strong>‘ne</strong></span> <span class='ocrx_word' id='word_1_35' title='bbox 1178 378 1296 433; x_wconf 83' lang='lat' dir='ltr'><strong>quid,</strong></span> <span class='ocrx_word' id='word_1_36' title='bbox 1347 377 1459 432; x_wconf 91' lang='lat' dir='ltr'><strong>quod</strong></span> <span class='ocrx_word' id='word_1_37' title='bbox 1509 378 1705 418; x_wconf 87' lang='lat' dir='ltr'><strong>sanctum</strong></span> 
     </span>
     <span class='ocr_line' id='line_1_6' title="bbox 148 435 1777 494; baseline -0.003 -12"><span class='ocrx_word' id='word_1_38' title='bbox 148 454 328 494; x_wconf 86' lang='lat' dir='ltr'><strong>usquam</strong></span> <span class='ocrx_word' id='word_1_39' title='bbox 361 442 493 493; x_wconf 84' lang='lat' dir='ltr'><strong>esset,</strong></span> <span class='ocrx_word' id='word_1_40' title='bbox 532 439 642 493; x_wconf 88' lang='lat' dir='ltr'><strong>apud</strong></span> <span class='ocrx_word' id='word_1_41' title='bbox 673 453 751 481; x_wconf 88' lang='lat' dir='ltr'><strong>nos</strong></span> <span class='ocrx_word' id='word_1_42' title='bbox 783 439 1032 491; x_wconf 78' lang='lat' dir='ltr'><strong>violaretur,</strong></span> <span class='ocrx_word' id='word_1_43' title='bbox 1072 451 1184 478; x_wconf 88' lang='grc'>111100</span> <span class='ocrx_word' id='word_1_44' title='bbox 1215 440 1263 478; x_wconf 89' lang='lat' dir='ltr'><strong>ut</strong></span> <span class='ocrx_word' id='word_1_45' title='bbox 1293 437 1335 478; x_wconf 92' lang='lat' dir='ltr'><strong>id</strong></span> <span class='ocrx_word' id='word_1_46' title='bbox 1369 450 1511 478; x_wconf 89' lang='lat' dir='ltr'><strong>curem</strong></span> <span class='ocrx_word' id='word_1_47' title='bbox 1543 435 1703 489; x_wconf 85' lang='grc' dir='ltr'>101Ρο11-</span> <span class='ocrx_word' id='word_1_48' title='bbox 1733 446 1777 477; x_wconf 84' lang='grc'><strong>15</strong></span> 
     </span>
     <span class='ocr_line' id='line_1_7' title="bbox 149 494 1704 553; baseline -0.003 -13"><span class='ocrx_word' id='word_1_49' title='bbox 149 499 255 552; x_wconf 90' lang='grc'>81118,</span> <span class='ocrx_word' id='word_1_50' title='bbox 286 501 430 540; x_wconf 84' lang='lat' dir='ltr'><strong>vestra</strong></span> <span class='ocrx_word' id='word_1_51' title='bbox 462 512 628 553; x_wconf 89' lang='lat' dir='ltr'><strong>quoque</strong></span> <span class='ocrx_word' id='word_1_52' title='bbox 658 498 793 539; x_wconf 80' lang='lat' dir='ltr'><strong>virtus</strong></span> <span class='ocrx_word' id='word_1_53' title='bbox 826 497 1095 552; x_wconf 77' lang='lat' dir='ltr'>dignitasque</span> <span class='ocrx_word' id='word_1_54' title='bbox 1128 495 1248 549; x_wconf 83' lang='lat' dir='ltr'><strong>facit,</strong></span> <span class='ocrx_word' id='word_1_55' title='bbox 1281 510 1388 550; x_wconf 89' lang='lat' dir='ltr'><strong>quae</strong></span> <span class='ocrx_word' id='word_1_56' title='bbox 1419 509 1473 536; x_wconf 89' lang='lat' dir='ltr'><strong>ne</strong></span> <span class='ocrx_word' id='word_1_57' title='bbox 1505 494 1549 535; x_wconf 92' lang='lat' dir='ltr'><strong>in</strong></span> <span class='ocrx_word' id='word_1_58' title='bbox 1581 494 1704 535; x_wconf 86' lang='lat' dir='ltr'><strong>malis</strong></span> 
     </span>
     <span class='ocr_line' id='line_1_8' title="bbox 149 553 1777 613; baseline -0.002 -14"><span class='ocrx_word' id='word_1_59' title='bbox 149 558 319 613; x_wconf 89' lang='lat' dir='ltr'><strong>quidem</strong></span> <span class='ocrx_word' id='word_1_60' title='bbox 350 557 511 599; x_wconf 88' lang='lat' dir='ltr'><strong>oblitae</strong></span> <span class='ocrx_word' id='word_1_61' title='bbox 544 556 706 598; x_wconf 88' lang='lat' dir='ltr'><strong>decoris</strong></span> <span class='ocrx_word' id='word_1_62' title='bbox 738 556 986 597; x_wconf 83' lang='lat' dir='ltr'><strong>matronalis</strong></span> <span class='ocrx_word' id='word_1_63' title='bbox 1020 554 1151 596; x_wconf 84' lang='lat' dir='ltr'><strong>estis&#39;.</strong></span> <span class='ocrx_word' id='word_1_64' title='bbox 1215 556 1430 608; x_wconf 86' lang='lat' dir='ltr'><strong>spectatae</strong></span> <span class='ocrx_word' id='word_1_65' title='bbox 1462 553 1610 595; x_wconf 90' lang='lat' dir='ltr'><strong>deinde</strong></span> <span class='ocrx_word' id='word_1_66' title='bbox 1642 553 1777 596; x_wconf 82' lang='grc'>111-16</span> 
     </span>
     <span class='ocr_line' id='line_1_9' title="bbox 147 612 1705 671; baseline -0.004 -13"><span class='ocrx_word' id='word_1_67' title='bbox 147 616 365 671; x_wconf 83' lang='lat' dir='ltr'><strong>tegritatis</strong></span> <span class='ocrx_word' id='word_1_68' title='bbox 397 616 488 658; x_wconf 86' lang='lat' dir='ltr'><strong>viro</strong></span> <span class='ocrx_word' id='word_1_69' title='bbox 521 615 699 657; x_wconf 87' lang='lat' dir='ltr'><strong>tradidit</strong></span> <span class='ocrx_word' id='word_1_70' title='bbox 731 629 821 667; x_wconf 87' lang='lat' dir='ltr'><strong>eas,</strong></span> <span class='ocrx_word' id='word_1_71' title='bbox 858 614 1052 668; x_wconf 88' lang='lat' dir='ltr'><strong>tuerique</strong></span> <span class='ocrx_word' id='word_1_72' title='bbox 1091 612 1205 654; x_wconf 82' lang='lat' dir='ltr'><strong>haud</strong></span> <span class='ocrx_word' id='word_1_73' title='bbox 1237 627 1356 654; x_wconf 88' lang='lat' dir='ltr'><strong>secus</strong></span> <span class='ocrx_word' id='word_1_74' title='bbox 1390 612 1624 654; x_wconf 84' lang='lat' dir='ltr'><strong>verecunde</strong></span> <span class='ocrx_word' id='word_1_75' title='bbox 1657 626 1705 653; x_wconf 86' lang='lat' dir='ltr'><strong>ac</strong></span> 
     </span>
     <span class='ocr_line' id='line_1_10' title="bbox 150 671 1428 730; baseline -0.005 -13"><span class='ocrx_word' id='word_1_76' title='bbox 150 676 343 717; x_wconf 87' lang='lat' dir='ltr'><strong>modeste</strong></span> <span class='ocrx_word' id='word_1_77' title='bbox 376 689 503 730; x_wconf 87' lang='lat' dir='ltr'><strong>quam</strong></span> <span class='ocrx_word' id='word_1_78' title='bbox 533 674 753 727; x_wconf 88' lang='lat' dir='ltr'><strong>hospitum</strong></span> <span class='ocrx_word' id='word_1_79' title='bbox 786 673 987 726; x_wconf 86' lang='lat' dir='ltr'><strong>coniuges</strong></span> <span class='ocrx_word' id='word_1_80' title='bbox 1020 685 1069 713; x_wconf 86' lang='grc'><strong>00</strong></span> <span class='ocrx_word' id='word_1_81' title='bbox 1100 674 1259 712; x_wconf 87' lang='lat' dir='ltr'><strong>matres</strong></span> <span class='ocrx_word' id='word_1_82' title='bbox 1291 671 1428 712; x_wconf 88' lang='lat' dir='ltr'><strong>iussit.</strong></span> 
     </span>
    </p>

    <p class='ocr_par' dir='ltr' id='par_1_4' title="bbox 150 729 1778 1260">
     <span class='ocr_line' id='line_1_11' title="bbox 268 729 1778 788; baseline -0.004 -12"><span class='ocrx_word' id='word_1_83' title='bbox 268 733 448 788; x_wconf 85' lang='lat' dir='ltr'><strong>Captiva</strong></span> <span class='ocrx_word' id='word_1_84' title='bbox 481 732 630 774; x_wconf 89' lang='lat' dir='ltr'><strong>deinde</strong></span> <span class='ocrx_word' id='word_1_85' title='bbox 664 747 688 773; x_wconf 88' lang='lat' dir='ltr'><strong>a</strong></span> <span class='ocrx_word' id='word_1_86' title='bbox 714 731 923 772; x_wconf 75' lang='lat' dir='ltr'><strong>militibus</strong></span> <span class='ocrx_word' id='word_1_87' title='bbox 957 730 1179 772; x_wconf 72' lang='lat' dir='ltr'><strong>adducitur</strong></span> <span class='ocrx_word' id='word_1_88' title='bbox 1206 730 1258 771; x_wconf 88' lang='lat' dir='ltr'><strong>ad</strong></span> <span class='ocrx_word' id='word_1_89' title='bbox 1285 745 1380 771; x_wconf 90' lang='lat' dir='ltr'><strong>eum</strong></span> <span class='ocrx_word' id='word_1_90' title='bbox 1399 729 1553 771; x_wconf 88' lang='lat' dir='ltr'><strong>adulta</strong></span> <span class='ocrx_word' id='word_1_91' title='bbox 1582 729 1703 784; x_wconf 83' lang='lat' dir='ltr'><strong>virgo</strong></span> <span class='ocrx_word' id='word_1_92' title='bbox 1721 733 1778 774; x_wconf 80' lang='lat'><strong>50</strong></span> 
     </span>
     <span class='ocr_line' id='line_1_12' title="bbox 151 789 1706 844; baseline -0.004 -9"><span class='ocrx_word' id='word_1_93' title='bbox 151 793 255 835; x_wconf 85' lang='lat' dir='ltr'><strong>adeo</strong></span> <span class='ocrx_word' id='word_1_94' title='bbox 306 792 460 834; x_wconf 85' lang='lat' dir='ltr'><strong>eximia</strong></span> <span class='ocrx_word' id='word_1_95' title='bbox 507 791 663 844; x_wconf 84' lang='lat' dir='ltr'><strong>forma,</strong></span> <span class='ocrx_word' id='word_1_96' title='bbox 713 793 777 835; x_wconf 89' lang='lat' dir='ltr'><strong>ut</strong></span> <span class='ocrx_word' id='word_1_97' title='bbox 829 804 1094 844; x_wconf 83' lang='lat' dir='ltr'><strong>quacumque</strong></span> <span class='ocrx_word' id='word_1_98' title='bbox 1144 789 1387 843; x_wconf 73' lang='lat' dir='ltr'><strong>incedebat,</strong></span> <span class='ocrx_word' id='word_1_99' title='bbox 1437 790 1706 830; x_wconf 80' lang='lat' dir='ltr'><strong>converteret</strong></span> 
     </span>
     <span class='ocr_line' id='line_1_13' title="bbox 151 824 1755 904; baseline -0.001 -11"><span class='ocrx_word' id='word_1_100' title='bbox 151 852 340 894; x_wconf 89' lang='lat' dir='ltr'><strong>omnium</strong></span> <span class='ocrx_word' id='word_1_101' title='bbox 385 851 541 892; x_wconf 89' lang='grc'>0011108.</span> <span class='ocrx_word' id='word_1_102' title='bbox 615 824 777 904; x_wconf 81' lang='lat' dir='ltr'><strong>Scipio,</strong></span> <span class='ocrx_word' id='word_1_103' title='bbox 826 852 1127 903; x_wconf 75' lang='lat' dir='ltr'><strong>percunctatus</strong></span> <span class='ocrx_word' id='word_1_104' title='bbox 1177 848 1360 903; x_wconf 89' lang='lat' dir='ltr'><strong>patriam</strong></span> <span class='ocrx_word' id='word_1_105' title='bbox 1408 850 1707 902; x_wconf 88' lang='lat' dir='ltr'><strong>parentesque,</strong></span> <span class='ocrx_word' id='word_1_106' title='bbox 1734 861 1755 891; x_wconf 82' lang='lat'><strong>‘2</strong></span> 
     </span>
     <span class='ocr_line' id='line_1_14' title="bbox 150 905 1707 963; baseline -0.003 -11"><span class='ocrx_word' id='word_1_107' title='bbox 150 911 261 952; x_wconf 84' lang='lat' dir='ltr'><strong>inter</strong></span> <span class='ocrx_word' id='word_1_108' title='bbox 306 911 445 951; x_wconf 85' lang='lat' dir='ltr'><strong>cetera</strong></span> <span class='ocrx_word' id='word_1_109' title='bbox 493 909 654 962; x_wconf 82' lang='lat' dir='ltr'><strong>accepit</strong></span> <span class='ocrx_word' id='word_1_110' title='bbox 704 908 958 963; x_wconf 81' lang='lat' dir='ltr'><strong>desponsam</strong></span> <span class='ocrx_word' id='word_1_111' title='bbox 1003 922 1095 949; x_wconf 89' lang='lat' dir='ltr'><strong>eam</strong></span> <span class='ocrx_word' id='word_1_112' title='bbox 1145 907 1331 962; x_wconf 88' lang='lat' dir='ltr'><strong>principi</strong></span> <span class='ocrx_word' id='word_1_113' title='bbox 1376 905 1707 960; x_wconf 78' lang='lat' dir='ltr'><strong>Celtiberorum3</strong></span> 
     </span>
     <span class='ocr_line' id='line_1_15' title="bbox 155 965 1754 1021; baseline -0.003 -11"><span class='ocrx_word' id='word_1_114' title='bbox 155 968 413 1010; x_wconf 85' lang='lat' dir='ltr'><strong>adolescenti</strong></span> <span class='ocrx_word' id='word_1_115' title='bbox 451 967 619 1010; x_wconf 86' lang='lat' dir='ltr'><strong>Allucio</strong></span> <span class='ocrx_word' id='word_1_116' title='bbox 665 982 822 1009; x_wconf 89' lang='lat' dir='ltr'><strong>nomen</strong></span> <span class='ocrx_word' id='word_1_117' title='bbox 861 971 962 1009; x_wconf 86' lang='lat' dir='ltr'><strong>erat.</strong></span> <span class='ocrx_word' id='word_1_118' title='bbox 1030 967 1242 1021; x_wconf 85' lang='lat' dir='ltr'><strong>extemplo</strong></span> <span class='ocrx_word' id='word_1_119' title='bbox 1287 967 1420 1021; x_wconf 85' lang='lat' dir='ltr'><strong>igitur</strong></span> <span class='ocrx_word' id='word_1_120' title='bbox 1457 965 1708 1020; x_wconf 84' lang='lat' dir='ltr'><strong>parentibus</strong></span> <span class='ocrx_word' id='word_1_121' title='bbox 1734 980 1754 1011; x_wconf 83' lang='lat'><strong>3</strong></span> 
     </span>
     <span class='ocr_line' id='line_1_16' title="bbox 152 1025 1706 1083; baseline -0.003 -14"><span class='ocrx_word' id='word_1_122' title='bbox 152 1041 394 1083; x_wconf 86' lang='lat' dir='ltr'><strong>sponsoque</strong></span> <span class='ocrx_word' id='word_1_123' title='bbox 428 1027 479 1068; x_wconf 88' lang='lat' dir='ltr'><strong>ab</strong></span> <span class='ocrx_word' id='word_1_124' title='bbox 514 1027 640 1069; x_wconf 91' lang='lat' dir='ltr'><strong>domo</strong></span> <span class='ocrx_word' id='word_1_125' title='bbox 674 1027 839 1081; x_wconf 81' lang='lat' dir='ltr'><strong>accitis,</strong></span> <span class='ocrx_word' id='word_1_126' title='bbox 871 1041 967 1068; x_wconf 90' lang='lat' dir='ltr'><strong>cum</strong></span> <span class='ocrx_word' id='word_1_127' title='bbox 999 1027 1170 1068; x_wconf 84' lang='lat' dir='ltr'><strong>interim</strong></span> <span class='ocrx_word' id='word_1_128' title='bbox 1197 1025 1362 1067; x_wconf 88' lang='lat' dir='ltr'><strong>audiret</strong></span> <span class='ocrx_word' id='word_1_129' title='bbox 1393 1025 1583 1079; x_wconf 87' lang='lat' dir='ltr'><strong>deperire</strong></span> <span class='ocrx_word' id='word_1_130' title='bbox 1610 1038 1706 1065; x_wconf 89' lang='lat' dir='ltr'><strong>eum</strong></span> 
     </span>
     <span class='ocr_line' id='line_1_17' title="bbox 151 1085 1706 1141; baseline -0.003 -13"><span class='ocrx_word' id='word_1_131' title='bbox 151 1101 331 1141; x_wconf 84' lang='lat' dir='ltr'><strong>sponsae</strong></span> <span class='ocrx_word' id='word_1_132' title='bbox 372 1100 531 1141; x_wconf 89' lang='lat' dir='ltr'><strong>amore,</strong></span> <span class='ocrx_word' id='word_1_133' title='bbox 569 1086 641 1127; x_wconf 89' lang='lat' dir='ltr'><strong>ubi</strong></span> <span class='ocrx_word' id='word_1_134' title='bbox 680 1086 863 1140; x_wconf 91' lang='lat' dir='ltr'><strong>primum</strong></span> <span class='ocrx_word' id='word_1_135' title='bbox 902 1085 1036 1139; x_wconf 87' lang='lat' dir='ltr'><strong>venit,</strong></span> <span class='ocrx_word' id='word_1_136' title='bbox 1077 1085 1337 1127; x_wconf 81' lang='lat' dir='ltr'><strong>accuratiore</strong></span> <span class='ocrx_word' id='word_1_137' title='bbox 1376 1098 1473 1125; x_wconf 89' lang='lat' dir='ltr'><strong>eum</strong></span> <span class='ocrx_word' id='word_1_138' title='bbox 1511 1097 1706 1125; x_wconf 87' lang='lat' dir='ltr'><strong>sermone</strong></span> 
     </span>
     <span class='ocr_line' id='line_1_18' title="bbox 150 1142 1755 1201; baseline -0.002 -14"><span class='ocrx_word' id='word_1_139' title='bbox 150 1161 278 1201; x_wconf 88' lang='lat' dir='ltr'><strong>quam</strong></span> <span class='ocrx_word' id='word_1_140' title='bbox 316 1147 511 1199; x_wconf 85' lang='lat' dir='ltr'><strong>parentes</strong></span> <span class='ocrx_word' id='word_1_141' title='bbox 551 1144 809 1199; x_wconf 90' lang='lat' dir='ltr'><strong>adloquitur:</strong></span> <span class='ocrx_word' id='word_1_142' title='bbox 856 1143 1051 1186; x_wconf 75' lang='lat' dir='ltr'><strong>‘iuvenis&#39;</strong></span> <span class='ocrx_word' id='word_1_143' title='bbox 1091 1144 1231 1199; x_wconf 86' lang='lat' dir='ltr'><strong>inquit</strong></span> <span class='ocrx_word' id='word_1_144' title='bbox 1269 1143 1479 1185; x_wconf 74' lang='lat' dir='ltr'><strong>‘iuvenem</strong></span> <span class='ocrx_word' id='word_1_145' title='bbox 1522 1142 1705 1197; x_wconf 88' lang='lat' dir='ltr'><strong>appello,</strong></span> <span class='ocrx_word' id='word_1_146' title='bbox 1732 1157 1755 1187; x_wconf 79' lang='lat'><strong>4</strong></span> 
     </span>
     <span class='ocr_line' id='line_1_19' title="bbox 151 1202 1704 1260; baseline -0.003 -14"><span class='ocrx_word' id='word_1_147' title='bbox 151 1219 233 1260; x_wconf 90' lang='lat' dir='ltr'><strong>quo</strong></span> <span class='ocrx_word' id='word_1_148' title='bbox 266 1205 405 1246; x_wconf 89' lang='lat' dir='ltr'><strong>minor</strong></span> <span class='ocrx_word' id='word_1_149' title='bbox 432 1204 487 1246; x_wconf 85' lang='lat' dir='ltr'><strong>sit</strong></span> <span class='ocrx_word' id='word_1_150' title='bbox 518 1204 629 1245; x_wconf 88' lang='lat' dir='ltr'><strong>inter</strong></span> <span class='ocrx_word' id='word_1_151' title='bbox 659 1219 738 1245; x_wconf 88' lang='lat' dir='ltr'><strong>nos</strong></span> <span class='ocrx_word' id='word_1_152' title='bbox 770 1204 896 1245; x_wconf 88' lang='lat' dir='ltr'><strong>huius</strong></span> <span class='ocrx_word' id='word_1_153' title='bbox 924 1204 1131 1245; x_wconf 88' lang='lat' dir='ltr'><strong>sermonis</strong></span> <span class='ocrx_word' id='word_1_154' title='bbox 1163 1202 1428 1245; x_wconf 84' lang='lat' dir='ltr'><strong>verecundia.</strong></span> <span class='ocrx_word' id='word_1_155' title='bbox 1481 1216 1578 1257; x_wconf 84' lang='lat' dir='ltr'><strong>ego,</strong></span> <span class='ocrx_word' id='word_1_156' title='bbox 1610 1216 1704 1243; x_wconf 90' lang='lat' dir='ltr'><strong>cum</strong></span> 
     </span>
    </p>
   </div>
   <div class='ocr_carea' id='block_1_4' title="bbox 153 1260 1756 1318">
    <p class='ocr_par' dir='ltr' id='par_1_5' title="bbox 153 1260 1756 1318">
     <span class='ocr_line' id='line_1_20' title="bbox 153 1260 1756 1318; baseline -0.002 -14"><span class='ocrx_word' id='word_1_157' title='bbox 153 1278 312 1318; x_wconf 88' lang='lat' dir='ltr'><strong>sponsa</strong></span> <span class='ocrx_word' id='word_1_158' title='bbox 343 1267 417 1304; x_wconf 88' lang='lat' dir='ltr'><strong>tua</strong></span> <span class='ocrx_word' id='word_1_159' title='bbox 449 1266 575 1317; x_wconf 86' lang='lat' dir='ltr'><strong>capta</strong></span> <span class='ocrx_word' id='word_1_160' title='bbox 607 1278 631 1304; x_wconf 92' lang='lat' dir='ltr'><strong>a</strong></span> <span class='ocrx_word' id='word_1_161' title='bbox 662 1263 873 1304; x_wconf 88' lang='lat' dir='ltr'><strong>militibus</strong></span> <span class='ocrx_word' id='word_1_162' title='bbox 905 1263 1066 1304; x_wconf 85' lang='lat' dir='ltr'><strong>nostris</strong></span> <span class='ocrx_word' id='word_1_163' title='bbox 1093 1262 1146 1303; x_wconf 85' lang='lat' dir='ltr'><strong>ad</strong></span> <span class='ocrx_word' id='word_1_164' title='bbox 1178 1277 1245 1303; x_wconf 93' lang='lat' dir='ltr'><strong>me</strong></span> <span class='ocrx_word' id='word_1_165' title='bbox 1278 1262 1403 1303; x_wconf 85' lang='lat' dir='ltr'><strong>ducta</strong></span> <span class='ocrx_word' id='word_1_166' title='bbox 1429 1264 1558 1315; x_wconf 90' lang='lat' dir='ltr'><strong>esset,</strong></span> <span class='ocrx_word' id='word_1_167' title='bbox 1591 1260 1705 1302; x_wconf 91' lang='lat' dir='ltr'><strong>audi·</strong></span> <span class='ocrx_word' id='word_1_168' title='bbox 1734 1275 1756 1306; x_wconf 83' lang='lat'>5</span> 
     </span>
    </p>
   </div>
   <div class='ocr_carea' id='block_1_5' title="bbox 150 1414 892 1598">
    <p class='ocr_par' dir='ltr' id='par_1_6' title="bbox 150 1414 892 1598">
     <span class='ocr_line' id='line_1_21' title="bbox 153 1414 892 1457; baseline -0.001 -8"><span class='ocrx_word' id='word_1_169' title='bbox 153 1414 291 1457; x_wconf 82' lang='lat' dir='ltr'><strong>Ruhe3&#39;</strong></span> <span class='ocrx_word' id='word_1_170' title='bbox 329 1414 502 1449; x_wconf 87' lang='lat' dir='ltr'><strong>meistens</strong></span> <span class='ocrx_word' id='word_1_171' title='bbox 541 1425 613 1448; x_wconf 86' lang='lat' dir='ltr'><strong>von</strong></span> <span class='ocrx_word' id='word_1_172' title='bbox 651 1415 722 1449; x_wconf 87' lang='lat' dir='ltr'><strong>den</strong></span> <span class='ocrx_word' id='word_1_173' title='bbox 759 1414 892 1449; x_wconf 83' lang='lat' dir='ltr'><strong>rastlos</strong></span> 
     </span>
     <span class='ocr_line' id='line_1_22' title="bbox 151 1460 892 1505; baseline 0 -9"><span class='ocrx_word' id='word_1_174' title='bbox 151 1461 457 1497; x_wconf 83' lang='lat' dir='ltr'><strong>aufstachelnden</strong></span> <span class='ocrx_word' id='word_1_175' title='bbox 477 1460 681 1505; x_wconf 87' lang='lat' dir='ltr'><strong>Begierden</strong></span> <span class='ocrx_word' id='word_1_176' title='bbox 703 1463 773 1505; x_wconf 83' lang='lat' dir='ltr'><strong>ira,</strong></span> <span class='ocrx_word' id='word_1_177' title='bbox 793 1462 892 1505; x_wconf 76' lang='lat' dir='ltr'><strong>eupi-</strong></span> 
     </span>
     <span class='ocr_line' id='line_1_23' title="bbox 150 1507 892 1551; baseline 0 -8"><span class='ocrx_word' id='word_1_178' title='bbox 150 1510 215 1550; x_wconf 81' lang='lat' dir='ltr'><strong>d0‚·</strong></span> <span class='ocrx_word' id='word_1_179' title='bbox 242 1509 336 1543; x_wconf 90' lang='lat' dir='ltr'><strong>doch</strong></span> <span class='ocrx_word' id='word_1_180' title='bbox 363 1511 473 1543; x_wconf 84' lang='lat' dir='ltr'><strong>auch:</strong></span> <span class='ocrx_word' id='word_1_181' title='bbox 499 1507 560 1551; x_wconf 89' lang='lat'><strong>44,</strong></span> <span class='ocrx_word' id='word_1_182' title='bbox 587 1511 642 1550; x_wconf 84' lang='lat'><strong>44,</strong></span> <span class='ocrx_word' id='word_1_183' title='bbox 672 1513 689 1542; x_wconf 93' lang='lat'>1</span> <span class='ocrx_word' id='word_1_184' title='bbox 718 1510 892 1543; x_wconf 68' lang='lat' dir='ltr'><strong>consulem</strong></span> 
     </span>
     <span class='ocr_line' id='line_1_24' title="bbox 152 1556 814 1598; baseline 0.002 -8"><span class='ocrx_word' id='word_1_185' title='bbox 152 1567 240 1591; x_wconf 75' lang='lat' dir='ltr'><strong>cura</strong></span> <span class='ocrx_word' id='word_1_186' title='bbox 266 1557 308 1591; x_wconf 82' lang='lat' dir='ltr'><strong>de</strong></span> <span class='ocrx_word' id='word_1_187' title='bbox 333 1557 468 1590; x_wconf 75' lang='lat' dir='ltr'><strong>minore</strong></span> <span class='ocrx_word' id='word_1_188' title='bbox 492 1556 568 1598; x_wconf 72' lang='lat' dir='ltr'><strong>filio</strong></span> <span class='ocrx_word' id='word_1_189' title='bbox 593 1557 814 1591; x_wconf 79' lang='lat' dir='ltr'><strong>stimulabat.</strong></span> 
     </span>
    </p>
   </div>
   <div class='ocr_carea' id='block_1_6' title="bbox 151 1608 895 1839">
    <p class='ocr_par' dir='ltr' id='par_1_7' title="bbox 151 1608 895 1839">
     <span class='ocr_line' id='line_1_25' title="bbox 199 1608 892 1654; baseline 0.001 -11"><span class='ocrx_word' id='word_1_190' title='bbox 199 1609 335 1644; x_wconf 81' lang='lat' dir='ltr'><strong>decoris</strong></span> <span class='ocrx_word' id='word_1_191' title='bbox 355 1608 589 1654; x_wconf 78' lang='lat' dir='ltr'><strong>matronalis]</strong></span> <span class='ocrx_word' id='word_1_192' title='bbox 615 1609 892 1644; x_wconf 79' lang='lat' dir='ltr'><strong>‘Frauenehre’.</strong></span> 
     </span>
     <span class='ocr_line' id='line_1_26' title="bbox 151 1656 892 1701; baseline 0 -11"><span class='ocrx_word' id='word_1_193' title='bbox 151 1657 366 1691; x_wconf 78' lang='lat' dir='ltr'><strong>matronalis</strong></span> <span class='ocrx_word' id='word_1_194' title='bbox 393 1656 526 1701; x_wconf 77' lang='lat' dir='ltr'><strong>gehort</strong></span> <span class='ocrx_word' id='word_1_195' title='bbox 550 1668 594 1690; x_wconf 90' lang='lat' dir='ltr'><strong>zu</strong></span> <span class='ocrx_word' id='word_1_196' title='bbox 621 1656 691 1690; x_wconf 86' lang='lat' dir='ltr'><strong>den</strong></span> <span class='ocrx_word' id='word_1_197' title='bbox 717 1667 789 1691; x_wconf 89' lang='lat' dir='ltr'><strong>von</strong></span> <span class='ocrx_word' id='word_1_198' title='bbox 814 1657 892 1691; x_wconf 87' lang='lat' dir='ltr'><strong>Liv.</strong></span> 
     </span>
     <span class='ocr_line' id='line_1_27' title="bbox 152 1702 895 1748; baseline 0.001 -11"><span class='ocrx_word' id='word_1_199' title='bbox 152 1703 190 1737; x_wconf 90' lang='lat' dir='ltr'><strong>in</strong></span> <span class='ocrx_word' id='word_1_200' title='bbox 205 1703 264 1738; x_wconf 89' lang='lat' dir='ltr'><strong>die</strong></span> <span class='ocrx_word' id='word_1_201' title='bbox 279 1703 392 1738; x_wconf 84' lang='lat' dir='ltr'><strong>Prosa</strong></span> <span class='ocrx_word' id='word_1_202' title='bbox 412 1703 670 1747; x_wconf 80' lang='lat' dir='ltr'><strong>eingeffihrten</strong></span> <span class='ocrx_word' id='word_1_203' title='bbox 684 1702 895 1748; x_wconf 85' lang='lat' dir='ltr'><strong>Adjektivis</strong></span> 
     </span>
     <span class='ocr_line' id='line_1_28' title="bbox 153 1750 895 1795; baseline 0.001 -11"><span class='ocrx_word' id='word_1_204' title='bbox 153 1751 219 1785; x_wconf 87' lang='lat' dir='ltr'><strong>auf</strong></span> <span class='ocrx_word' id='word_1_205' title='bbox 248 1751 334 1785; x_wconf 80' lang='lat' dir='ltr'><strong>alis:</strong></span> <span class='ocrx_word' id='word_1_206' title='bbox 367 1750 427 1793; x_wconf 76' lang='lat'>21,</span> <span class='ocrx_word' id='word_1_207' title='bbox 456 1754 511 1793; x_wconf 83' lang='lat'>26,</span> <span class='ocrx_word' id='word_1_208' title='bbox 533 1754 552 1785; x_wconf 87' lang='grc'>8</span> <span class='ocrx_word' id='word_1_209' title='bbox 582 1751 770 1795; x_wconf 77' lang='lat' dir='ltr'><strong>vicinalis,·</strong></span> <span class='ocrx_word' id='word_1_210' title='bbox 801 1752 895 1786; x_wconf 77' lang='lat' dir='ltr'><strong>iuve-</strong></span> 
     </span>
     <span class='ocr_line' id='line_1_29' title="bbox 158 1797 582 1839; baseline -0.005 -7"><span class='ocrx_word' id='word_1_211' title='bbox 158 1798 273 1839; x_wconf 77' lang='lat' dir='ltr'><strong>nalis,</strong></span> <span class='ocrx_word' id='word_1_212' title='bbox 298 1797 467 1832; x_wconf 79' lang='lat' dir='ltr'><strong>cubitalis</strong></span> <span class='ocrx_word' id='word_1_213' title='bbox 491 1809 525 1831; x_wconf 90' lang='lat' dir='ltr'><strong>u.</strong></span> <span class='ocrx_word' id='word_1_214' title='bbox 551 1808 582 1832; x_wconf 85' lang='lat' dir='ltr'><strong>a.</strong></span> 
     </span>
    </p>
   </div>
   <div class='ocr_carea' id='block_1_7' title="bbox 153 1856 896 2135">
    <p class='ocr_par' dir='ltr' id='par_1_8' title="bbox 153 1856 896 2135">
     <span class='ocr_line' id='line_1_30' title="bbox 205 1856 894 1902; baseline 0.001 -12"><span class='ocrx_word' id='word_1_215' title='bbox 205 1860 258 1891; x_wconf 88' lang='lat'><strong>16.</strong></span> <span class='ocrx_word' id='word_1_216' title='bbox 291 1856 484 1891; x_wconf 75' lang='lat' dir='ltr'><strong>verecunde</strong></span> <span class='ocrx_word' id='word_1_217' title='bbox 521 1867 564 1890; x_wconf 83' lang='lat' dir='ltr'><strong>ac</strong></span> <span class='ocrx_word' id='word_1_218' title='bbox 600 1856 770 1902; x_wconf 79' lang='lat' dir='ltr'><strong>modeste]</strong></span> <span class='ocrx_word' id='word_1_219' title='bbox 803 1868 894 1891; x_wconf 85' lang='lat' dir='ltr'><strong>vere-</strong></span> 
     </span>
     <span class='ocr_line' id='line_1_31' title="bbox 156 1903 894 1938; baseline 0 -1"><span class='ocrx_word' id='word_1_220' title='bbox 156 1903 270 1938; x_wconf 75' lang='lat' dir='ltr'><strong>cunde</strong></span> <span class='ocrx_word' id='word_1_221' title='bbox 291 1903 505 1938; x_wconf 83' lang='lat' dir='ltr'><strong>bezeichnet</strong></span> <span class='ocrx_word' id='word_1_222' title='bbox 519 1903 578 1937; x_wconf 91' lang='lat' dir='ltr'><strong>die</strong></span> <span class='ocrx_word' id='word_1_223' title='bbox 592 1903 630 1937; x_wconf 89' lang='grc'><strong>10</strong></span> <span class='ocrx_word' id='word_1_224' title='bbox 649 1904 713 1938; x_wconf 84' lang='lat' dir='ltr'><strong>der</strong></span> <span class='ocrx_word' id='word_1_225' title='bbox 725 1903 894 1938; x_wconf 85' lang='lat' dir='ltr'><strong>Behand-</strong></span> 
     </span>
     <span class='ocr_line' id='line_1_32' title="bbox 153 1949 894 1995; baseline 0.003 -11"><span class='ocrx_word' id='word_1_226' title='bbox 153 1950 245 1994; x_wconf 88' lang='lat' dir='ltr'><strong>lung</strong></span> <span class='ocrx_word' id='word_1_227' title='bbox 284 1949 453 1995; x_wconf 78' lang='lat' dir='ltr'><strong>liegencle</strong></span> <span class='ocrx_word' id='word_1_228' title='bbox 485 1950 704 1985; x_wconf 85' lang='lat' dir='ltr'><strong>moralische</strong></span> <span class='ocrx_word' id='word_1_229' title='bbox 737 1951 894 1986; x_wconf 69' lang='grc'>21111101(-</span> 
     </span>
     <span class='ocr_line' id='line_1_33' title="bbox 153 1997 896 2043; baseline 0.001 -12"><span class='ocrx_word' id='word_1_230' title='bbox 153 1997 327 2042; x_wconf 79' lang='lat' dir='ltr'><strong>haltung3</strong></span> <span class='ocrx_word' id='word_1_231' title='bbox 361 1998 511 2032; x_wconf 79' lang='lat' dir='ltr'><strong>modeste</strong></span> <span class='ocrx_word' id='word_1_232' title='bbox 539 1998 610 2032; x_wconf 89' lang='lat' dir='ltr'><strong>den</strong></span> <span class='ocrx_word' id='word_1_233' title='bbox 636 1997 701 2032; x_wconf 88' lang='lat' dir='ltr'><strong>der</strong></span> <span class='ocrx_word' id='word_1_234' title='bbox 726 1997 896 2043; x_wconf 81' lang='lat' dir='ltr'><strong>Stellung</strong></span> 
     </span>
     <span class='ocr_line' id='line_1_34' title="bbox 156 2043 896 2089; baseline 0.001 -11"><span class='ocrx_word' id='word_1_235' title='bbox 156 2043 221 2079; x_wconf 88' lang='lat' dir='ltr'><strong>der</strong></span> <span class='ocrx_word' id='word_1_236' title='bbox 258 2056 300 2078; x_wconf 87' lang='lat' dir='ltr'><strong>zu</strong></span> <span class='ocrx_word' id='word_1_237' title='bbox 326 2044 603 2079; x_wconf 86' lang='lat' dir='ltr'><strong>Bewachenden</strong></span> <span class='ocrx_word' id='word_1_238' title='bbox 634 2045 896 2089; x_wconf 75' lang='lat' dir='ltr'><strong>gebfihrenden</strong></span> 
     </span>
     <span class='ocr_line' id='line_1_35' title="bbox 153 2090 893 2135; baseline 0.001 -10"><span class='ocrx_word' id='word_1_239' title='bbox 153 2090 322 2126; x_wconf 80' lang='lat' dir='ltr'><strong>&#39;ausseren</strong></span> <span class='ocrx_word' id='word_1_240' title='bbox 332 2092 508 2126; x_wconf 78' lang='lat' dir='ltr'><strong>Anstand.</strong></span> <span class='ocrx_word' id='word_1_241' title='bbox 531 2103 558 2125; x_wconf 88' lang='grc'><strong>0.</strong></span> <span class='ocrx_word' id='word_1_242' title='bbox 572 2096 628 2135; x_wconf 85' lang='grc'><strong>50,</strong></span> <span class='ocrx_word' id='word_1_243' title='bbox 641 2093 893 2127; x_wconf 68' lang='lat' dir='ltr'><strong>ssverecundia.</strong></span> 
     </span>
    </p>
   </div>
   <div class='ocr_carea' id='block_1_8' title="bbox 152 2161 897 2721">
    <p class='ocr_par' dir='ltr' id='par_1_9' title="bbox 152 2161 897 2714">
     <span class='ocr_line' id='line_1_36' title="bbox 201 2161 894 2208; baseline 0 -12"><span class='ocrx_word' id='word_1_244' title='bbox 201 2173 229 2196; x_wconf 90' lang='grc'><strong>0.</strong></span> <span class='ocrx_word' id='word_1_245' title='bbox 257 2161 316 2204; x_wconf 86' lang='grc'><strong>50,</strong></span> <span class='ocrx_word' id='word_1_246' title='bbox 347 2166 375 2196; x_wconf 91' lang='lat'><strong>1.</strong></span> <span class='ocrx_word' id='word_1_247' title='bbox 410 2166 621 2197; x_wconf 77' lang='lat' dir='ltr'><strong>converteret</strong></span> <span class='ocrx_word' id='word_1_248' title='bbox 647 2163 787 2208; x_wconf 70' lang='lat' dir='ltr'><strong>oculos]</strong></span> <span class='ocrx_word' id='word_1_249' title='bbox 820 2174 894 2208; x_wconf 84' lang='lat' dir='ltr'><strong>erg.</strong></span> 
     </span>
     <span class='ocr_line' id='line_1_37' title="bbox 153 2209 896 2245; baseline 0.003 -2"><span class='ocrx_word' id='word_1_250' title='bbox 153 2210 193 2243; x_wconf 78' lang='lat' dir='ltr'><strong>in</strong></span> <span class='ocrx_word' id='word_1_251' title='bbox 212 2219 256 2244; x_wconf 87' lang='lat' dir='ltr'><strong>se.</strong></span> <span class='ocrx_word' id='word_1_252' title='bbox 298 2209 345 2244; x_wconf 84' lang='lat' dir='ltr'><strong>So</strong></span> <span class='ocrx_word' id='word_1_253' title='bbox 366 2210 512 2244; x_wconf 87' lang='lat' dir='ltr'><strong>werden</strong></span> <span class='ocrx_word' id='word_1_254' title='bbox 528 2209 624 2244; x_wconf 88' lang='lat' dir='ltr'><strong>auch</strong></span> <span class='ocrx_word' id='word_1_255' title='bbox 638 2211 772 2244; x_wconf 84' lang='lat' dir='ltr'><strong>andere</strong></span> <span class='ocrx_word' id='word_1_256' title='bbox 785 2210 896 2245; x_wconf 86' lang='lat' dir='ltr'><strong>Kom—</strong></span> 
     </span>
     <span class='ocr_line' id='line_1_38' title="bbox 153 2256 895 2302; baseline 0.003 -12"><span class='ocrx_word' id='word_1_257' title='bbox 153 2256 275 2300; x_wconf 82' lang='lat' dir='ltr'><strong>posita</strong></span> <span class='ocrx_word' id='word_1_258' title='bbox 297 2267 368 2290; x_wconf 87' lang='lat' dir='ltr'><strong>von</strong></span> <span class='ocrx_word' id='word_1_259' title='bbox 389 2261 495 2299; x_wconf 74' lang='lat' dir='ltr'><strong>verto,</strong></span> <span class='ocrx_word' id='word_1_260' title='bbox 520 2257 594 2302; x_wconf 86' lang='lat' dir='ltr'><strong>vgl.</strong></span> <span class='ocrx_word' id='word_1_261' title='bbox 615 2261 735 2292; x_wconf 77' lang='lat' dir='ltr'><strong>averto</strong></span> <span class='ocrx_word' id='word_1_262' title='bbox 758 2269 786 2292; x_wconf 89' lang='grc'><strong>0.</strong></span> <span class='ocrx_word' id='word_1_263' title='bbox 810 2261 841 2300; x_wconf 88' lang='grc'><strong>5,</strong></span> <span class='ocrx_word' id='word_1_264' title='bbox 862 2261 895 2300; x_wconf 85' lang='grc'><strong>9,</strong></span> 
     </span>
     <span class='ocr_line' id='line_1_39' title="bbox 154 2303 895 2348; baseline 0.003 -12"><span class='ocrx_word' id='word_1_265' title='bbox 154 2303 248 2337; x_wconf 88' lang='lat' dir='ltr'><strong>ohne</strong></span> <span class='ocrx_word' id='word_1_266' title='bbox 285 2304 439 2348; x_wconf 87' lang='lat' dir='ltr'><strong>Angabe</strong></span> <span class='ocrx_word' id='word_1_267' title='bbox 472 2304 536 2338; x_wconf 90' lang='lat' dir='ltr'><strong>des</strong></span> <span class='ocrx_word' id='word_1_268' title='bbox 564 2304 740 2347; x_wconf 84' lang='lat' dir='ltr'><strong>Punktes,</strong></span> <span class='ocrx_word' id='word_1_269' title='bbox 771 2304 895 2339; x_wconf 89' lang='lat' dir='ltr'><strong>wohin</strong></span> 
     </span>
     <span class='ocr_line' id='line_1_40' title="bbox 154 2350 896 2396; baseline 0.004 -13"><span class='ocrx_word' id='word_1_270' title='bbox 154 2350 241 2384; x_wconf 91' lang='lat' dir='ltr'><strong>oder</strong></span> <span class='ocrx_word' id='word_1_271' title='bbox 274 2361 345 2384; x_wconf 86' lang='lat' dir='ltr'><strong>von</strong></span> <span class='ocrx_word' id='word_1_272' title='bbox 377 2351 555 2386; x_wconf 85' lang='lat' dir='ltr'><strong>welchem</strong></span> <span class='ocrx_word' id='word_1_273' title='bbox 586 2362 669 2396; x_wconf 85' lang='lat' dir='ltr'><strong>weg</strong></span> <span class='ocrx_word' id='word_1_274' title='bbox 700 2363 785 2386; x_wconf 88' lang='lat' dir='ltr'><strong>man</strong></span> <span class='ocrx_word' id='word_1_275' title='bbox 818 2352 896 2386; x_wconf 86' lang='lat' dir='ltr'><strong>sich</strong></span> 
     </span>
     <span class='ocr_line' id='line_1_41' title="bbox 152 2396 896 2443; baseline 0.005 -13"><span class='ocrx_word' id='word_1_276' title='bbox 152 2396 314 2439; x_wconf 84' lang='lat' dir='ltr'><strong>wendet‚</strong></span> <span class='ocrx_word' id='word_1_277' title='bbox 346 2398 559 2441; x_wconf 75' lang='lat' dir='ltr'><strong>gebraucht.</strong></span> <span class='ocrx_word' id='word_1_278' title='bbox 597 2398 663 2442; x_wconf 80' lang='lat'>28,</span> <span class='ocrx_word' id='word_1_279' title='bbox 696 2403 736 2443; x_wconf 86' lang='grc'><strong>6,</strong></span> <span class='ocrx_word' id='word_1_280' title='bbox 769 2404 790 2433; x_wconf 85' lang='grc'>4</span> <span class='ocrx_word' id='word_1_281' title='bbox 817 2410 896 2434; x_wconf 83' lang='lat' dir='ltr'><strong>cum</strong></span> 
     </span>
     <span class='ocr_line' id='line_1_42' title="bbox 154 2444 895 2490; baseline 0.005 -13"><span class='ocrx_word' id='word_1_282' title='bbox 154 2444 313 2478; x_wconf 77' lang='lat' dir='ltr'><strong>omnium</strong></span> <span class='ocrx_word' id='word_1_283' title='bbox 351 2445 489 2479; x_wconf 74' lang='lat' dir='ltr'><strong>animos</strong></span> <span class='ocrx_word' id='word_1_284' title='bbox 526 2446 711 2490; x_wconf 76' lang='lat' dir='ltr'><strong>oculosque</strong></span> <span class='ocrx_word' id='word_1_285' title='bbox 749 2447 789 2480; x_wconf 77' lang='lat' dir='ltr'><strong>id</strong></span> <span class='ocrx_word' id='word_1_286' title='bbox 825 2457 895 2481; x_wconf 82' lang='lat' dir='ltr'><strong>cer-</strong></span> 
     </span>
     <span class='ocr_line' id='line_1_43' title="bbox 154 2492 895 2527; baseline 0.004 -3"><span class='ocrx_word' id='word_1_287' title='bbox 154 2494 273 2525; x_wconf 73' lang='lat' dir='ltr'><strong>tamen</strong></span> <span class='ocrx_word' id='word_1_288' title='bbox 305 2492 494 2526; x_wconf 79' lang='lat' dir='ltr'><strong>avertisset.</strong></span> <span class='ocrx_word' id='word_1_289' title='bbox 545 2492 650 2526; x_wconf 87' lang='lat' dir='ltr'><strong>Doch</strong></span> <span class='ocrx_word' id='word_1_290' title='bbox 681 2492 773 2527; x_wconf 84' lang='lat' dir='ltr'><strong>wird</strong></span> <span class='ocrx_word' id='word_1_291' title='bbox 802 2494 895 2527; x_wconf 88' lang='lat' dir='ltr'><strong>auch</strong></span> 
     </span>
     <span class='ocr_line' id='line_1_44' title="bbox 156 2537 897 2583; baseline 0.004 -12"><span class='ocrx_word' id='word_1_292' title='bbox 156 2537 214 2572; x_wconf 90' lang='lat' dir='ltr'><strong>die</strong></span> <span class='ocrx_word' id='word_1_293' title='bbox 234 2537 384 2582; x_wconf 67' lang='lat' dir='ltr'><strong>Priapos.</strong></span> <span class='ocrx_word' id='word_1_294' title='bbox 406 2538 661 2583; x_wconf 72' lang='lat' dir='ltr'><strong>hinzugeft&#39;igt:</strong></span> <span class='ocrx_word' id='word_1_295' title='bbox 689 2551 718 2574; x_wconf 90' lang='grc'><strong>0.</strong></span> <span class='ocrx_word' id='word_1_296' title='bbox 742 2544 795 2583; x_wconf 87' lang='grc'><strong>18,</strong></span> <span class='ocrx_word' id='word_1_297' title='bbox 815 2543 836 2574; x_wconf 90' lang='grc'>8</span> <span class='ocrx_word' id='word_1_298' title='bbox 857 2541 897 2574; x_wconf 73' lang='lat' dir='ltr'><strong>in</strong></span> 
     </span>
     <span class='ocr_line' id='line_1_45' title="bbox 154 2587 895 2630; baseline 0.005 -12"><span class='ocrx_word' id='word_1_299' title='bbox 154 2595 254 2630; x_wconf 75' lang='lat' dir='ltr'><strong>quem</strong></span> <span class='ocrx_word' id='word_1_300' title='bbox 287 2588 479 2629; x_wconf 75' lang='lat' dir='ltr'><strong>postquam</strong></span> <span class='ocrx_word' id='word_1_301' title='bbox 518 2587 676 2619; x_wconf 74' lang='lat' dir='ltr'><strong>omnium</strong></span> <span class='ocrx_word' id='word_1_302' title='bbox 713 2597 778 2621; x_wconf 87' lang='lat' dir='ltr'><strong>ora</strong></span> <span class='ocrx_word' id='word_1_303' title='bbox 815 2598 895 2621; x_wconf 73' lang='lat' dir='ltr'><strong>oon-</strong></span> 
     </span>
     <span class='ocr_line' id='line_1_46' title="bbox 154 2633 896 2676; baseline 0.003 -10"><span class='ocrx_word' id='word_1_304' title='bbox 154 2642 256 2666; x_wconf 77' lang='lat' dir='ltr'><strong>versa</strong></span> <span class='ocrx_word' id='word_1_305' title='bbox 280 2635 365 2666; x_wconf 73' lang='lat' dir='ltr'><strong>sunt</strong></span> <span class='ocrx_word' id='word_1_306' title='bbox 390 2633 463 2666; x_wconf 87' lang='lat' dir='ltr'><strong>und</strong></span> <span class='ocrx_word' id='word_1_307' title='bbox 488 2633 713 2676; x_wconf 79' lang='lat' dir='ltr'><strong>personlich:</strong></span> <span class='ocrx_word' id='word_1_308' title='bbox 741 2634 801 2675; x_wconf 81' lang='lat'>21,</span> <span class='ocrx_word' id='word_1_309' title='bbox 823 2638 854 2675; x_wconf 91' lang='lat'><strong>3,</strong></span> <span class='ocrx_word' id='word_1_310' title='bbox 874 2638 896 2667; x_wconf 97' lang='lat'><strong>4</strong></span> 
     </span>
     <span class='ocr_line' id='line_1_47' title="bbox 154 2680 896 2721; baseline 0.001 -8"><span class='ocrx_word' id='word_1_311' title='bbox 154 2691 190 2713; x_wconf 92' lang='lat' dir='ltr'><strong>u</strong></span> <span class='ocrx_word' id='word_1_312' title='bbox 211 2683 287 2721; x_wconf 91' lang='lat'><strong>4,1</strong></span> <span class='ocrx_word' id='word_1_313' title='bbox 310 2689 389 2713; x_wconf 82' lang='lat' dir='ltr'><strong>cum</strong></span> <span class='ocrx_word' id='word_1_314' title='bbox 409 2689 527 2714; x_wconf 80' lang='lat' dir='ltr'><strong>omnes</strong></span> <span class='ocrx_word' id='word_1_315' title='bbox 545 2680 586 2713; x_wconf 78' lang='lat' dir='ltr'><strong>in</strong></span> <span class='ocrx_word' id='word_1_316' title='bbox 604 2690 640 2714; x_wconf 87' lang='lat' dir='ltr'><strong>se</strong></span> <span class='ocrx_word' id='word_1_317' title='bbox 660 2682 896 2714; x_wconf 65' lang='lat' dir='ltr'><strong>convertisset.</strong></span> 
     </span>
    </p>
   </div>
   <div class='ocr_carea' id='block_1_9' title="bbox 157 2732 899 2956">
    <p class='ocr_par' dir='ltr' id='par_1_10' title="bbox 157 2732 899 2956">
     <span class='ocr_line' id='line_1_48' title="bbox 204 2732 896 2778; baseline 0 -12"><span class='ocrx_word' id='word_1_318' title='bbox 204 2736 236 2766; x_wconf 94' lang='grc'><strong>2.</strong></span> <span class='ocrx_word' id='word_1_319' title='bbox 256 2732 350 2767; x_wconf 74' lang='lat' dir='ltr'><strong>inter</strong></span> <span class='ocrx_word' id='word_1_320' title='bbox 371 2732 500 2778; x_wconf 80' lang='lat' dir='ltr'><strong>cetera]</strong></span> <span class='ocrx_word' id='word_1_321' title='bbox 528 2734 618 2766; x_wconf 81' lang='lat' dir='ltr'><strong>statt</strong></span> <span class='ocrx_word' id='word_1_322' title='bbox 637 2732 700 2766; x_wconf 87' lang='lat' dir='ltr'><strong>des</strong></span> <span class='ocrx_word' id='word_1_323' title='bbox 719 2733 896 2777; x_wconf 77' lang='lat' dir='ltr'><strong>gewohn-</strong></span> 
     </span>
     <span class='ocr_line' id='line_1_49' title="bbox 157 2777 895 2814; baseline 0 -1"><span class='ocrx_word' id='word_1_324' title='bbox 157 2777 295 2814; x_wconf 87' lang='grc'>11011011·</span> <span class='ocrx_word' id='word_1_325' title='bbox 322 2790 401 2814; x_wconf 78' lang='lat' dir='ltr'><strong>cum</strong></span> <span class='ocrx_word' id='word_1_326' title='bbox 427 2781 540 2814; x_wconf 82' lang='lat' dir='ltr'><strong>multa</strong></span> <span class='ocrx_word' id='word_1_327' title='bbox 560 2800 603 2804; x_wconf 92' lang='lat'>—</span> <span class='ocrx_word' id='word_1_328' title='bbox 626 2783 700 2813; x_wconf 82' lang='lat' dir='ltr'><strong>tum</strong></span> <span class='ocrx_word' id='word_1_329' title='bbox 725 2779 785 2814; x_wconf 90' lang='lat' dir='ltr'><strong>bei</strong></span> <span class='ocrx_word' id='word_1_330' title='bbox 817 2779 895 2813; x_wconf 87' lang='lat' dir='ltr'><strong>Liv.</strong></span> 
     </span>
     <span class='ocr_line' id='line_1_50' title="bbox 157 2826 899 2870; baseline 0.001 -11"><span class='ocrx_word' id='word_1_331' title='bbox 157 2826 356 2861; x_wconf 85' lang='lat' dir='ltr'><strong>mehrfach.</strong></span> <span class='ocrx_word' id='word_1_332' title='bbox 407 2826 471 2870; x_wconf 77' lang='lat'>27,</span> <span class='ocrx_word' id='word_1_333' title='bbox 512 2831 571 2870; x_wconf 91' lang='lat'>10,</span> <span class='ocrx_word' id='word_1_334' title='bbox 609 2830 628 2861; x_wconf 84' lang='grc'><strong>6</strong></span> <span class='ocrx_word' id='word_1_335' title='bbox 660 2827 754 2861; x_wconf 76' lang='lat' dir='ltr'><strong>inter</strong></span> <span class='ocrx_word' id='word_1_336' title='bbox 785 2827 899 2860; x_wconf 77' lang='lat' dir='ltr'><strong>multa</strong></span> 
     </span>
     <span class='ocr_line' id='line_1_51' title="bbox 158 2873 896 2917; baseline 0.003 -11"><span class='ocrx_word' id='word_1_337' title='bbox 158 2873 236 2907; x_wconf 74' lang='lat' dir='ltr'><strong>alia</strong></span> <span class='ocrx_word' id='word_1_338' title='bbox 257 2874 449 2917; x_wconf 75' lang='lat' dir='ltr'><strong>praeclara</strong></span> <span class='ocrx_word' id='word_1_339' title='bbox 469 2894 510 2898; x_wconf 89' lang='lat'>—</span> <span class='ocrx_word' id='word_1_340' title='bbox 533 2884 652 2908; x_wconf 78' lang='lat' dir='ltr'><strong>recens</strong></span> <span class='ocrx_word' id='word_1_341' title='bbox 671 2874 776 2908; x_wconf 80' lang='lat' dir='ltr'><strong>etiam</strong></span> <span class='ocrx_word' id='word_1_342' title='bbox 798 2874 896 2908; x_wconf 81' lang='lat' dir='ltr'><strong>meri-</strong></span> 
     </span>
     <span class='ocr_line' id='line_1_52' title="bbox 157 2923 726 2956; baseline 0.004 -3"><span class='ocrx_word' id='word_1_343' title='bbox 157 2923 233 2954; x_wconf 81' lang='lat' dir='ltr'><strong>tum</strong></span> <span class='ocrx_word' id='word_1_344' title='bbox 258 2930 377 2955; x_wconf 80' lang='lat' dir='ltr'><strong>eorum</strong></span> <span class='ocrx_word' id='word_1_345' title='bbox 402 2940 445 2945; x_wconf 83' lang='lat'><strong>—-</strong></span> <span class='ocrx_word' id='word_1_346' title='bbox 472 2925 726 2956; x_wconf 84' lang='lat' dir='ltr'><strong>commemorat.</strong></span> 
     </span>
    </p>
   </div>
   <div class='ocr_carea' id='block_1_10' title="bbox 967 1412 1710 1505">
    <p class='ocr_par' dir='ltr' id='par_1_11' title="bbox 967 1412 1710 1505">
     <span class='ocr_line' id='line_1_53' title="bbox 1014 1412 1708 1458; baseline -0.003 -10"><span class='ocrx_word' id='word_1_347' title='bbox 1014 1418 1045 1449; x_wconf 90' lang='lat'><strong>3.</strong></span> <span class='ocrx_word' id='word_1_348' title='bbox 1097 1415 1256 1458; x_wconf 80' lang='lat' dir='ltr'><strong>deperire</strong></span> <span class='ocrx_word' id='word_1_349' title='bbox 1305 1424 1383 1448; x_wconf 79' lang='lat' dir='ltr'><strong>eum</strong></span> <span class='ocrx_word' id='word_1_350' title='bbox 1440 1413 1578 1456; x_wconf 83' lang='lat' dir='ltr'><strong>amore]</strong></span> <span class='ocrx_word' id='word_1_351' title='bbox 1632 1412 1708 1447; x_wconf 85' lang='lat' dir='ltr'><strong>die-</strong></span> 
     </span>
     <span class='ocr_line' id='line_1_54' title="bbox 967 1460 1710 1505; baseline -0.004 -9"><span class='ocrx_word' id='word_1_352' title='bbox 967 1461 1067 1496; x_wconf 86' lang='lat' dir='ltr'><strong>selbe</strong></span> <span class='ocrx_word' id='word_1_353' title='bbox 1093 1461 1335 1505; x_wconf 86' lang='lat' dir='ltr'><strong>Verbindung</strong></span> <span class='ocrx_word' id='word_1_354' title='bbox 1364 1461 1459 1495; x_wconf 88' lang='lat' dir='ltr'><strong>noch</strong></span> <span class='ocrx_word' id='word_1_355' title='bbox 1495 1460 1561 1503; x_wconf 77' lang='grc'><strong>27,</strong></span> <span class='ocrx_word' id='word_1_356' title='bbox 1596 1463 1656 1503; x_wconf 83' lang='grc'><strong>15,</strong></span> <span class='ocrx_word' id='word_1_357' title='bbox 1688 1463 1710 1494; x_wconf 83' lang='grc'><strong>9</strong></span> 
     </span>
    </p>
   </div>
   <div class='ocr_carea' id='block_1_11' title="bbox 960 1507 1705 1553">
    <p class='ocr_par' dir='ltr' id='par_1_12' title="bbox 960 1507 1705 1553">
     <span class='ocr_line' id='line_1_55' title="bbox 960 1507 1705 1553; baseline -0.004 -10"><span class='ocrx_word' id='word_1_358' title='bbox 960 1509 1167 1553; x_wconf 73' lang='lat' dir='ltr'><strong>praefectus</strong></span> <span class='ocrx_word' id='word_1_359' title='bbox 1198 1509 1382 1552; x_wconf 73' lang='lat' dir='ltr'><strong>deperibat</strong></span> <span class='ocrx_word' id='word_1_360' title='bbox 1414 1519 1532 1542; x_wconf 79' lang='lat' dir='ltr'><strong>amore</strong></span> <span class='ocrx_word' id='word_1_361' title='bbox 1562 1507 1705 1541; x_wconf 76' lang='lat' dir='ltr'><strong>mulier-</strong></span> 
     </span>
    </p>
   </div>
   <div class='ocr_carea' id='block_1_12' title="bbox 967 1554 1708 1638">
    <p class='ocr_par' dir='ltr' id='par_1_13' title="bbox 967 1554 1708 1638">
     <span class='ocr_line' id='line_1_56' title="bbox 967 1554 1708 1597; baseline -0.003 -7"><span class='ocrx_word' id='word_1_362' title='bbox 967 1557 1087 1597; x_wconf 78' lang='lat' dir='ltr'><strong>culae;</strong></span> <span class='ocrx_word' id='word_1_363' title='bbox 1102 1557 1203 1590; x_wconf 84' lang='lat' dir='ltr'><strong>sonst</strong></span> <span class='ocrx_word' id='word_1_364' title='bbox 1213 1556 1251 1590; x_wconf 89' lang='grc'><strong>10</strong></span> <span class='ocrx_word' id='word_1_365' title='bbox 1262 1555 1398 1590; x_wconf 88' lang='lat' dir='ltr'><strong>diesem</strong></span> <span class='ocrx_word' id='word_1_366' title='bbox 1413 1555 1523 1590; x_wconf 85' lang='lat' dir='ltr'><strong>Sinne</strong></span> <span class='ocrx_word' id='word_1_367' title='bbox 1534 1554 1708 1589; x_wconf 84' lang='lat' dir='ltr'><strong>meistens</strong></span> 
     </span>
     <span class='ocr_line' id='line_1_57' title="bbox 968 1603 1204 1638; baseline 0 -1"><span class='ocrx_word' id='word_1_368' title='bbox 968 1603 1204 1638; x_wconf 84' lang='lat' dir='ltr'><strong>dichterisch.</strong></span> 
     </span>
    </p>
   </div>
   <div class='ocr_carea' id='block_1_13' title="bbox 968 1659 1711 1886">
    <p class='ocr_par' dir='ltr' id='par_1_14' title="bbox 968 1659 1711 1886">
     <span class='ocr_line' id='line_1_58' title="bbox 1016 1659 1706 1707; baseline -0.004 -10"><span class='ocrx_word' id='word_1_369' title='bbox 1016 1662 1224 1707; x_wconf 78' lang='lat' dir='ltr'><strong>accuratus]</strong></span> <span class='ocrx_word' id='word_1_370' title='bbox 1244 1662 1327 1696; x_wconf 75' lang='lat' dir='ltr'><strong>‘mit</strong></span> <span class='ocrx_word' id='word_1_371' title='bbox 1335 1661 1499 1706; x_wconf 86' lang='lat' dir='ltr'><strong>Sorgfalt</strong></span> <span class='ocrx_word' id='word_1_372' title='bbox 1506 1661 1690 1706; x_wconf 84' lang='lat' dir='ltr'><strong>gemacht,</strong></span> <span class='ocrx_word' id='word_1_373' title='bbox 1696 1659 1706 1675; x_wconf 79' lang='lat'><strong><em>⁷</em></strong></span> 
     </span>
     <span class='ocr_line' id='line_1_59' title="bbox 969 1708 1710 1754; baseline -0.003 -11"><span class='ocrx_word' id='word_1_374' title='bbox 969 1721 1037 1743; x_wconf 88' lang='lat' dir='ltr'><strong>nur</strong></span> <span class='ocrx_word' id='word_1_375' title='bbox 1056 1721 1126 1744; x_wconf 83' lang='lat' dir='ltr'><strong>von</strong></span> <span class='ocrx_word' id='word_1_376' title='bbox 1147 1709 1312 1754; x_wconf 79' lang='lat' dir='ltr'><strong>Dingen,</strong></span> <span class='ocrx_word' id='word_1_377' title='bbox 1332 1709 1474 1743; x_wconf 86' lang='lat' dir='ltr'><strong>hier—</strong></span> <span class='ocrx_word' id='word_1_378' title='bbox 1431 1725 1474 1737; x_wconf 92' lang='lat'>=</span> <span class='ocrx_word' id='word_1_379' title='bbox 1496 1708 1710 1752; x_wconf 78' lang='lat' dir='ltr'><strong>compositus</strong></span> 
     </span>
     <span class='ocr_line' id='line_1_60' title="bbox 968 1755 1711 1801; baseline -0.004 -10"><span class='ocrx_word' id='word_1_380' title='bbox 968 1756 1067 1791; x_wconf 85' lang='lat' dir='ltr'><strong>wohl</strong></span> <span class='ocrx_word' id='word_1_381' title='bbox 1098 1756 1279 1801; x_wconf 78' lang='lat' dir='ltr'><strong>fiberlegt</strong></span> <span class='ocrx_word' id='word_1_382' title='bbox 1325 1755 1385 1799; x_wconf 88' lang='grc'><strong>34,</strong></span> <span class='ocrx_word' id='word_1_383' title='bbox 1423 1759 1455 1799; x_wconf 88' lang='grc'><strong>5,</strong></span> <span class='ocrx_word' id='word_1_384' title='bbox 1489 1759 1508 1789; x_wconf 87' lang='grc'>2</span> <span class='ocrx_word' id='word_1_385' title='bbox 1548 1756 1711 1789; x_wconf 79' lang='lat' dir='ltr'><strong>oratwne</strong></span> 
     </span>
     <span class='ocr_line' id='line_1_61' title="bbox 969 1803 1709 1848; baseline -0.003 -10"><span class='ocrx_word' id='word_1_386' title='bbox 969 1805 1076 1848; x_wconf 70' lang='lat' dir='ltr'><strong>{onya</strong></span> <span class='ocrx_word' id='word_1_387' title='bbox 1103 1808 1134 1838; x_wconf 85' lang='lat' dir='ltr'><strong>et</strong></span> <span class='ocrx_word' id='word_1_388' title='bbox 1160 1807 1343 1838; x_wconf 73' lang='lat' dir='ltr'><strong>accurata.</strong></span> <span class='ocrx_word' id='word_1_389' title='bbox 1385 1803 1450 1845; x_wconf 83' lang='lat'>35,</span> <span class='ocrx_word' id='word_1_390' title='bbox 1477 1807 1533 1845; x_wconf 89' lang='grc'><strong>31,</strong></span> <span class='ocrx_word' id='word_1_391' title='bbox 1559 1807 1580 1836; x_wconf 88' lang='lat'>4</span> <span class='ocrx_word' id='word_1_392' title='bbox 1607 1813 1709 1837; x_wconf 81' lang='lat' dir='ltr'><strong>accu-</strong></span> 
     </span>
     <span class='ocr_line' id='line_1_62' title="bbox 969 1853 1238 1886; baseline 0.004 -1"><span class='ocrx_word' id='word_1_393' title='bbox 969 1853 1086 1885; x_wconf 69' lang='grc' dir='ltr'><em>ναίων</em></span> <span class='ocrx_word' id='word_1_394' title='bbox 1111 1853 1238 1886; x_wconf 68' lang='lat' dir='ltr'><strong>ovatio.</strong></span> 
     </span>
    </p>
   </div>
   <div class='ocr_carea' id='block_1_14' title="bbox 967 1908 1713 2285">
    <p class='ocr_par' dir='ltr' id='par_1_15' title="bbox 967 1908 1713 2285">
     <span class='ocr_line' id='line_1_63' title="bbox 1016 1908 1710 1954; baseline 0 -11"><span class='ocrx_word' id='word_1_395' title='bbox 1016 1915 1047 1945; x_wconf 90' lang='lat'><strong>4</strong></span> <span class='ocrx_word' id='word_1_396' title='bbox 1075 1911 1217 1945; x_wconf 74' lang='lat' dir='ltr'><strong>iuvenis</strong></span> <span class='ocrx_word' id='word_1_397' title='bbox 1242 1930 1286 1934; x_wconf 91' lang='lat'><strong>—</strong></span> <span class='ocrx_word' id='word_1_398' title='bbox 1313 1909 1489 1954; x_wconf 75' lang='lat' dir='ltr'><strong>iuvenem]</strong></span> <span class='ocrx_word' id='word_1_399' title='bbox 1516 1909 1583 1943; x_wconf 89' lang='lat' dir='ltr'><strong>Die</strong></span> <span class='ocrx_word' id='word_1_400' title='bbox 1605 1908 1710 1943; x_wconf 87' lang='lat' dir='ltr'><strong>Reci-</strong></span> 
     </span>
     <span class='ocr_line' id='line_1_64' title="bbox 969 1956 1713 2001; baseline -0.001 -10"><span class='ocrx_word' id='word_1_401' title='bbox 969 1956 1129 2001; x_wconf 80' lang='lat' dir='ltr'><strong>procit’at</strong></span> <span class='ocrx_word' id='word_1_402' title='bbox 1161 1957 1225 1991; x_wconf 89' lang='lat' dir='ltr'><strong>der</strong></span> <span class='ocrx_word' id='word_1_403' title='bbox 1252 1956 1491 1991; x_wconf 78' lang='lat' dir='ltr'><strong>Substantiva</strong></span> <span class='ocrx_word' id='word_1_404' title='bbox 1518 1956 1620 1991; x_wconf 85' lang='lat' dir='ltr'><strong>dient</strong></span> <span class='ocrx_word' id='word_1_405' title='bbox 1644 1967 1713 1990; x_wconf 85' lang='lat' dir='ltr'><strong>vor</strong></span> 
     </span>
     <span class='ocr_line' id='line_1_65' title="bbox 969 2003 1711 2048; baseline 0 -11"><span class='ocrx_word' id='word_1_406' title='bbox 969 2004 1066 2038; x_wconf 88' lang='lat' dir='ltr'><strong>allen</strong></span> <span class='ocrx_word' id='word_1_407' title='bbox 1110 2003 1257 2048; x_wconf 80' lang='lat' dir='ltr'><strong>Dingen</strong></span> <span class='ocrx_word' id='word_1_408' title='bbox 1301 2004 1409 2047; x_wconf 88' lang='lat' dir='ltr'><strong>dazu,</strong></span> <span class='ocrx_word' id='word_1_409' title='bbox 1459 2003 1528 2037; x_wconf 90' lang='lat' dir='ltr'><strong>den</strong></span> <span class='ocrx_word' id='word_1_410' title='bbox 1569 2003 1711 2048; x_wconf 74' lang='lat' dir='ltr'><strong>jungeri</strong></span> 
     </span>
     <span class='ocr_line' id='line_1_66' title="bbox 970 2050 1710 2096; baseline -0.001 -11"><span class='ocrx_word' id='word_1_411' title='bbox 970 2050 1125 2096; x_wconf 83' lang='lat' dir='ltr'><strong>Spanier</strong></span> <span class='ocrx_word' id='word_1_412' title='bbox 1151 2052 1225 2085; x_wconf 87' lang='lat' dir='ltr'><strong>und</strong></span> <span class='ocrx_word' id='word_1_413' title='bbox 1251 2051 1322 2086; x_wconf 85' lang='lat' dir='ltr'><strong>den</strong></span> <span class='ocrx_word' id='word_1_414' title='bbox 1342 2052 1484 2096; x_wconf 84' lang='lat' dir='ltr'><strong>jungen</strong></span> <span class='ocrx_word' id='word_1_415' title='bbox 1508 2050 1710 2085; x_wconf 87' lang='lat' dir='ltr'><strong>Feldherrn</strong></span> 
     </span>
     <span class='ocr_line' id='line_1_67' title="bbox 969 2097 1710 2143; baseline -0.001 -11"><span class='ocrx_word' id='word_1_416' title='bbox 969 2110 1006 2132; x_wconf 87' lang='grc'><strong>10</strong></span> <span class='ocrx_word' id='word_1_417' title='bbox 1027 2098 1145 2132; x_wconf 88' lang='lat' dir='ltr'><strong>dieser</strong></span> <span class='ocrx_word' id='word_1_418' title='bbox 1162 2097 1373 2143; x_wconf 85' lang='lat' dir='ltr'><strong>Beziehung</strong></span> <span class='ocrx_word' id='word_1_419' title='bbox 1393 2098 1568 2133; x_wconf 86' lang='lat' dir='ltr'><strong>einander</strong></span> <span class='ocrx_word' id='word_1_420' title='bbox 1586 2097 1710 2142; x_wconf 86' lang='lat' dir='ltr'><strong>gleich</strong></span> 
     </span>
     <span class='ocr_line' id='line_1_68' title="bbox 967 2145 1711 2190; baseline -0.001 -11"><span class='ocrx_word' id='word_1_421' title='bbox 967 2158 1011 2179; x_wconf 91' lang='lat' dir='ltr'><strong>zu</strong></span> <span class='ocrx_word' id='word_1_422' title='bbox 1038 2145 1179 2180; x_wconf 85' lang='lat' dir='ltr'><strong>stellen.</strong></span> <span class='ocrx_word' id='word_1_423' title='bbox 1217 2146 1256 2189; x_wconf 93' lang='lat' dir='ltr'><strong>l,</strong></span> <span class='ocrx_word' id='word_1_424' title='bbox 1284 2150 1316 2189; x_wconf 86' lang='lat'>9,</span> <span class='ocrx_word' id='word_1_425' title='bbox 1342 2151 1363 2180; x_wconf 88' lang='lat'><strong>4</strong></span> <span class='ocrx_word' id='word_1_426' title='bbox 1388 2157 1433 2180; x_wconf 76' lang='lat' dir='ltr'><strong>ne</strong></span> <span class='ocrx_word' id='word_1_427' title='bbox 1457 2148 1711 2190; x_wconf 71' lang='lat' dir='ltr'><strong>yravarentur,</strong></span> 
     </span>
     <span class='ocr_line' id='line_1_69' title="bbox 968 2193 1711 2237; baseline 0 -11"><span class='ocrx_word' id='word_1_428' title='bbox 968 2193 1124 2227; x_wconf 75' lang='lat' dir='ltr'><strong>homines</strong></span> <span class='ocrx_word' id='word_1_429' title='bbox 1156 2204 1235 2227; x_wconf 77' lang='lat' dir='ltr'><strong>cum</strong></span> <span class='ocrx_word' id='word_1_430' title='bbox 1266 2193 1470 2228; x_wconf 70' lang='lat' dir='ltr'><strong>hominibus</strong></span> <span class='ocrx_word' id='word_1_431' title='bbox 1497 2193 1711 2237; x_wconf 67' lang='lat' dir='ltr'><strong>sanquinem</strong></span> 
     </span>
     <span class='ocr_line' id='line_1_70' title="bbox 969 2251 1325 2285; baseline 0 -11"><span class='ocrx_word' id='word_1_432' title='bbox 969 2251 1012 2274; x_wconf 84' lang='lat' dir='ltr'><strong>ac</strong></span> <span class='ocrx_word' id='word_1_433' title='bbox 1036 2251 1148 2285; x_wconf 65' lang='lat' dir='ltr'><strong>glenus</strong></span> <span class='ocrx_word' id='word_1_434' title='bbox 1172 2251 1325 2275; x_wconf 76' lang='lat' dir='ltr'><strong>mzscere.</strong></span> 
     </span>
    </p>
   </div>
   <div class='ocr_carea' id='block_1_15' title="bbox 968 2297 1715 2530">
    <p class='ocr_par' dir='ltr' id='par_1_16' title="bbox 968 2297 1715 2530">
     <span class='ocr_line' id='line_1_71' title="bbox 1014 2297 1715 2344; baseline -0.004 -10"><span class='ocrx_word' id='word_1_435' title='bbox 1014 2300 1185 2334; x_wconf 80' lang='lat' dir='ltr'><strong>sermonis</strong></span> <span class='ocrx_word' id='word_1_436' title='bbox 1210 2298 1439 2344; x_wconf 76' lang='lat' dir='ltr'><strong>verecundia]</strong></span> <span class='ocrx_word' id='word_1_437' title='bbox 1476 2297 1616 2332; x_wconf 81' lang='lat' dir='ltr'><strong>‘Damit</strong></span> <span class='ocrx_word' id='word_1_438' title='bbox 1646 2310 1715 2332; x_wconf 78' lang='lat' dir='ltr'><strong>un—</strong></span> 
     </span>
     <span class='ocr_line' id='line_1_72' title="bbox 970 2345 1710 2390; baseline 0 -11"><span class='ocrx_word' id='word_1_439' title='bbox 970 2357 1047 2381; x_wconf 90' lang='lat' dir='ltr'><strong>sere</strong></span> <span class='ocrx_word' id='word_1_440' title='bbox 1091 2346 1351 2390; x_wconf 76' lang='lat' dir='ltr'><strong>Unteriedung</strong></span> <span class='ocrx_word' id='word_1_441' title='bbox 1399 2345 1560 2390; x_wconf 87' lang='lat' dir='ltr'><strong>weniger</strong></span> <span class='ocrx_word' id='word_1_442' title='bbox 1608 2345 1710 2390; x_wconf 85' lang='lat' dir='ltr'><strong>pein-</strong></span> 
     </span>
     <span class='ocr_line' id='line_1_73' title="bbox 968 2391 1710 2438; baseline -0.001 -11"><span class='ocrx_word' id='word_1_443' title='bbox 968 2393 1083 2428; x_wconf 85' lang='lat' dir='ltr'><strong>liches</strong></span> <span class='ocrx_word' id='word_1_444' title='bbox 1120 2393 1236 2435; x_wconf 89' lang='lat' dir='ltr'><strong>habe,</strong></span> <span class='ocrx_word' id='word_1_445' title='bbox 1273 2392 1339 2426; x_wconf 90' lang='lat' dir='ltr'><strong>wir</strong></span> <span class='ocrx_word' id='word_1_446' title='bbox 1378 2391 1429 2427; x_wconf 85' lang='lat' dir='ltr'><strong>sie</strong></span> <span class='ocrx_word' id='word_1_447' title='bbox 1468 2392 1630 2438; x_wconf 85' lang='lat' dir='ltr'><strong>weniger</strong></span> <span class='ocrx_word' id='word_1_448' title='bbox 1667 2404 1710 2426; x_wconf 90' lang='lat' dir='ltr'><strong>zu</strong></span> 
     </span>
     <span class='ocr_line' id='line_1_74' title="bbox 970 2439 1713 2483; baseline -0.003 -8"><span class='ocrx_word' id='word_1_449' title='bbox 970 2441 1128 2475; x_wconf 87' lang='lat' dir='ltr'><strong>scheuen</strong></span> <span class='ocrx_word' id='word_1_450' title='bbox 1157 2440 1371 2475; x_wconf 86' lang='lat' dir='ltr'><strong>brauchen&#39;.</strong></span> <span class='ocrx_word' id='word_1_451' title='bbox 1417 2439 1451 2482; x_wconf 85' lang='lat'>3,</span> <span class='ocrx_word' id='word_1_452' title='bbox 1480 2443 1534 2483; x_wconf 85' lang='lat'>70,</span> <span class='ocrx_word' id='word_1_453' title='bbox 1563 2444 1604 2474; x_wconf 87' lang='grc'><strong>15</strong></span> <span class='ocrx_word' id='word_1_454' title='bbox 1631 2450 1713 2474; x_wconf 79' lang='lat' dir='ltr'><strong>con-</strong></span> 
     </span>
     <span class='ocr_line' id='line_1_75' title="bbox 969 2487 1710 2530; baseline -0.001 -8"><span class='ocrx_word' id='word_1_455' title='bbox 969 2489 1107 2522; x_wconf 75' lang='lat' dir='ltr'><strong>sulibus</strong></span> <span class='ocrx_word' id='word_1_456' title='bbox 1127 2508 1170 2512; x_wconf 97' lang='lat'><strong>—</strong></span> <span class='ocrx_word' id='word_1_457' title='bbox 1191 2488 1424 2522; x_wconf 75' lang='lat' dir='ltr'><strong>verecundiae</strong></span> <span class='ocrx_word' id='word_1_458' title='bbox 1446 2487 1520 2530; x_wconf 78' lang='lat' dir='ltr'><strong>fuit</strong></span> <span class='ocrx_word' id='word_1_459' title='bbox 1545 2487 1578 2530; x_wconf 84' lang='lat'>5,</span> <span class='ocrx_word' id='word_1_460' title='bbox 1602 2491 1655 2530; x_wconf 86' lang='lat'><strong>14,</strong></span> <span class='ocrx_word' id='word_1_461' title='bbox 1678 2491 1710 2522; x_wconf 88' lang='grc'><strong>2.</strong></span> 
     </span>
    </p>
   </div>
   <div class='ocr_carea' id='block_1_16' title="bbox 969 2592 1713 2965">
    <p class='ocr_par' dir='ltr' id='par_1_17' title="bbox 969 2592 1713 2965">
     <span class='ocr_line' id='line_1_76' title="bbox 1017 2592 1711 2647; baseline -0.001 -19"><span class='ocrx_word' id='word_1_462' title='bbox 1017 2605 1096 2628; x_wconf 80' lang='lat' dir='ltr'><strong>cum</strong></span> <span class='ocrx_word' id='word_1_463' title='bbox 1139 2604 1271 2647; x_wconf 74' lang='lat' dir='ltr'><strong>sponsa</strong></span> <span class='ocrx_word' id='word_1_464' title='bbox 1317 2593 1402 2638; x_wconf 79' lang='lat' dir='ltr'><strong>tua]</strong></span> <span class='ocrx_word' id='word_1_465' title='bbox 1449 2592 1517 2627; x_wconf 88' lang='lat' dir='ltr'><strong>Die</strong></span> <span class='ocrx_word' id='word_1_466' title='bbox 1555 2592 1711 2628; x_wconf 86' lang='lat' dir='ltr'><strong>Periode</strong></span> 
     </span>
     <span class='ocr_line' id='line_1_77' title="bbox 969 2639 1710 2684; baseline 0.001 -11"><span class='ocrx_word' id='word_1_467' title='bbox 969 2639 1104 2675; x_wconf 84' lang='lat' dir='ltr'><strong>mu&#39;sste</strong></span> <span class='ocrx_word' id='word_1_468' title='bbox 1143 2640 1237 2675; x_wconf 88' lang='lat' dir='ltr'><strong>sein:</strong></span> <span class='ocrx_word' id='word_1_469' title='bbox 1281 2651 1361 2674; x_wconf 73' lang='lat' dir='ltr'><strong>oum</strong></span> <span class='ocrx_word' id='word_1_470' title='bbox 1399 2651 1532 2684; x_wconf 76' lang='lat' dir='ltr'><strong>sponsa</strong></span> <span class='ocrx_word' id='word_1_471' title='bbox 1568 2643 1634 2674; x_wconf 80' lang='lat' dir='ltr'><strong>tua</strong></span> <span class='ocrx_word' id='word_1_472' title='bbox 1666 2659 1710 2664; x_wconf 89' lang='lat'><strong>—-</strong></span> 
     </span>
     <span class='ocr_line' id='line_1_78' title="bbox 970 2686 1713 2731; baseline -0.001 -11"><span class='ocrx_word' id='word_1_473' title='bbox 970 2687 1080 2721; x_wconf 80' lang='lat' dir='ltr'><strong>ducta</strong></span> <span class='ocrx_word' id='word_1_474' title='bbox 1111 2691 1213 2729; x_wconf 83' lang='lat' dir='ltr'><strong>esset,</strong></span> <span class='ocrx_word' id='word_1_475' title='bbox 1245 2688 1333 2731; x_wconf 77' lang='lat' dir='ltr'><strong>quia</strong></span> <span class='ocrx_word' id='word_1_476' title='bbox 1357 2688 1433 2730; x_wconf 83' lang='lat' dir='ltr'><strong>ipse</strong></span> <span class='ocrx_word' id='word_1_477' title='bbox 1456 2687 1598 2720; x_wconf 78' lang='lat' dir='ltr'><strong>veniam</strong></span> <span class='ocrx_word' id='word_1_478' title='bbox 1624 2686 1713 2720; x_wconf 74' lang='lat' dir='ltr'><strong>mihi</strong></span> 
     </span>
     <span class='ocr_line' id='line_1_79' title="bbox 971 2733 1710 2768; baseline 0.001 -1"><span class='ocrx_word' id='word_1_479' title='bbox 971 2733 1055 2767; x_wconf 79' lang='lat' dir='ltr'><strong>dari</strong></span> <span class='ocrx_word' id='word_1_480' title='bbox 1083 2734 1204 2767; x_wconf 84' lang='lat' dir='ltr'><strong>vellem</strong></span> <span class='ocrx_word' id='word_1_481' title='bbox 1230 2754 1271 2758; x_wconf 95' lang='lat'>—</span> <span class='ocrx_word' id='word_1_482' title='bbox 1300 2735 1417 2768; x_wconf 78' lang='lat' dir='ltr'><strong>amori</strong></span> <span class='ocrx_word' id='word_1_483' title='bbox 1447 2737 1508 2767; x_wconf 74' lang='lat' dir='ltr'><strong>tuo</strong></span> <span class='ocrx_word' id='word_1_484' title='bbox 1534 2734 1710 2768; x_wconf 77' lang='lat' dir='ltr'><strong>consului.</strong></span> 
     </span>
     <span class='ocr_line' id='line_1_80' title="bbox 971 2779 1712 2824; baseline 0.001 -11"><span class='ocrx_word' id='word_1_485' title='bbox 971 2779 1045 2814; x_wconf 88' lang='lat' dir='ltr'><strong>Das</strong></span> <span class='ocrx_word' id='word_1_486' title='bbox 1068 2780 1223 2814; x_wconf 80' lang='lat' dir='ltr'><strong>Pr&#39;asens</strong></span> <span class='ocrx_word' id='word_1_487' title='bbox 1248 2780 1350 2822; x_wconf 81' lang='lat' dir='ltr'><strong>faveo</strong></span> <span class='ocrx_word' id='word_1_488' title='bbox 1376 2780 1464 2814; x_wconf 87' lang='lat' dir='ltr'><strong>aber</strong></span> <span class='ocrx_word' id='word_1_489' title='bbox 1488 2779 1536 2813; x_wconf 86' lang='lat' dir='ltr'><strong>ist</strong></span> <span class='ocrx_word' id='word_1_490' title='bbox 1559 2781 1712 2824; x_wconf 84' lang='lat' dir='ltr'><strong>gesetzt,</strong></span> 
     </span>
     <span class='ocr_line' id='line_1_81' title="bbox 971 2825 1712 2861; baseline 0 -1"><span class='ocrx_word' id='word_1_491' title='bbox 971 2825 1055 2861; x_wconf 87' lang='lat' dir='ltr'><strong>weil</strong></span> <span class='ocrx_word' id='word_1_492' title='bbox 1092 2825 1131 2860; x_wconf 89' lang='lat' dir='ltr'><strong>in</strong></span> <span class='ocrx_word' id='word_1_493' title='bbox 1169 2826 1223 2860; x_wconf 88' lang='lat' dir='ltr'><strong>Sc.</strong></span> <span class='ocrx_word' id='word_1_494' title='bbox 1263 2827 1321 2861; x_wconf 90' lang='lat' dir='ltr'><strong>die</strong></span> <span class='ocrx_word' id='word_1_495' title='bbox 1357 2826 1417 2860; x_wconf 89' lang='lat' dir='ltr'><strong>bei</strong></span> <span class='ocrx_word' id='word_1_496' title='bbox 1456 2826 1610 2861; x_wconf 79' lang='lat' dir='ltr'><strong>Eintritt</strong></span> <span class='ocrx_word' id='word_1_497' title='bbox 1646 2827 1712 2861; x_wconf 86' lang='lat' dir='ltr'><strong>der</strong></span> 
     </span>
     <span class='ocr_line' id='line_1_82' title="bbox 971 2872 1712 2919; baseline 0.001 -12"><span class='ocrx_word' id='word_1_498' title='bbox 971 2873 1224 2918; x_wconf 86' lang='lat' dir='ltr'><strong>Begebenheit</strong></span> <span class='ocrx_word' id='word_1_499' title='bbox 1237 2872 1480 2908; x_wconf 83' lang='lat' dir='ltr'><strong>herrschende</strong></span> <span class='ocrx_word' id='word_1_500' title='bbox 1495 2872 1712 2919; x_wconf 84' lang='lat' dir='ltr'><strong>Gesinnung</strong></span> 
     </span>
     <span class='ocr_line' id='line_1_83' title="bbox 972 2920 1515 2965; baseline 0.002 -11"><span class='ocrx_word' id='word_1_501' title='bbox 972 2921 1065 2955; x_wconf 82' lang='lat' dir='ltr'><strong>auch</strong></span> <span class='ocrx_word' id='word_1_502' title='bbox 1087 2920 1181 2965; x_wconf 85' lang='lat' dir='ltr'><strong>jetzt</strong></span> <span class='ocrx_word' id='word_1_503' title='bbox 1205 2921 1300 2955; x_wconf 89' lang='lat' dir='ltr'><strong>noch</strong></span> <span class='ocrx_word' id='word_1_504' title='bbox 1325 2920 1515 2965; x_wconf 86' lang='lat' dir='ltr'><strong>vorwiegt.</strong></span> 
     </span>
    </p>
   </div>
  </div>
 </body>
</html>
