1963 3308
279 177 363 218 100
777 174 923 209 LIBER
948 173 1078 207 XXVI.
1129 173 1230 208 CAP.
1257 177 1313 209 47.

1670 191 1694 209 a.
1716 192 1742 210 u.
1765 185 1828 211 544.

278 285 332 327 ad
358 285 440 326 duo
467 283 586 324 milia
611 282 833 324 hominum
860 283 995 322 erant:
1027 294 1099 322 eos
1131 280 1329 334 publicos
1357 280 1447 322 fore
1473 283 1622 336 populi
1647 281 1832 325 Romani

278 344 408 385 edixit
452 357 546 384 cum
591 356 665 396 spe
709 341 951 395 propinqua
994 339 1227 393 libertatis,
1272 339 1309 380 si
1352 339 1405 380 ad
1446 339 1684 383 ministeria
1726 342 1834 384 belli

278 402 397 443 enixe
419 416 594 456 operam
618 402 862 442 navassent.
906 400 1091 440 ceteram
1111 397 1430 439 multitudinem
1455 398 1692 442 incolarum
1717 401 1832 443 iuve-

276 475 378 502 num
411 474 459 502 ac
489 459 728 501 validorum
760 472 979 500 servorum
1016 457 1060 497 in
1092 457 1271 499 classem
1305 456 1357 498 ad
1394 457 1737 511 supplementum
1769 475 1834 502 re-

277 520 440 575 migum
473 518 605 574 dedit3
639 521 681 559 et
713 519 890 559 auxerat
921 516 1102 558 navibus
1131 518 1227 557 octo
1255 515 1435 569 captivis
1468 516 1658 559 classem.
1714 521 1834 561 extra

277 579 389 621 hanc
415 577 733 620 multitudinem
754 576 1044 631 Hispanorum
1072 574 1241 617 obsides
1275 576 1414 628 erant,
1447 588 1627 629 quorum
1658 578 1834 630 perinde

279 652 328 680 ac
361 638 396 679 si
428 636 796 680 sociorum'liberi
825 637 968 677 essent
999 649 1101 676 cura
1131 633 1294 675 habita.
1345 635 1495 687 captus
1528 636 1570 675 et
1602 639 1832 689 apparatus

280 697 432 753 ingens
452 696 570 738 belli:
599 695 840 749 catapultae
867 693 1078 735 maximae
1098 692 1261 734 formae
1283 694 1451 734 centum
1471 692 1638 748 viginti,
1658 694 1835 738 minoris

282 756 485 798 ducentae
514 755 733 809 octoginta
757 769 859 808 una,
891 752 1090 794 ballistae
1115 752 1298 793 maiores
1330 751 1487 806 viginti
1514 754 1619 806 tres,
1651 753 1834 797 minores

282 815 595 870 quinquaginta
626 813 749 868 duae3
784 812 1053 866 scorpionum
1079 812 1283 853 maiorum
1309 810 1604 865 minorumque
1631 813 1674 853 et
1700 827 1837 855 armo-

281 889 376 916 rum
407 873 677 927 telorumque
713 872 865 927 ingens
896 884 1116 922 numerus3
1155 870 1281 924 signa
1318 869 1525 910 militaria
1564 872 1838 927 septuaginta

282 934 495 988 quattuor.
559 934 601 973 et
642 931 734 972 auri
779 929 1020 985 argentique
1062 928 1198 970 relata
1239 928 1291 970 ad
1332 928 1637 982 imperatorem
1680 944 1838 986 magna

282 992 363 1033 vis:
407 995 580 1046 paterae
619 1004 770 1032 aureae
808 989 982 1030 fuerunt
1020 986 1224 1029 ducentae
1263 987 1537 1042 septuaginta
1575 1002 1664 1043 sex,
1702 989 1837 1032 librae

281 1050 415 1093 ferme
447 1065 594 1092 omnes
626 1049 785 1104 pondo,
824 1047 991 1103 argenti
1028 1046 1175 1088 infecti
1209 1045 1451 1101 signatique
1490 1046 1634 1088 decem
1666 1050 1709 1089 et
1740 1051 1836 1091 octo

282 1110 403 1151 milia
423 1112 465 1151 et
483 1112 677 1151 trecenta
702 1107 856 1162 pondo,
882 1120 1080 1148 vasorum
1102 1108 1401 1160 argenteorum
1421 1118 1601 1160 magnus
1621 1120 1838 1150 numerus.

282 1170 388 1211 haec
415 1169 557 1211 omnia
579 1167 623 1210 C.
640 1167 850 1209 Flaminio
879 1165 1094 1221 quaestori
1121 1179 1311 1219 appensa
1333 1163 1694 1219 adnumerataque
1721 1169 1837 1221 sunt,

282 1228 414 1270 tritici
446 1227 758 1283 quadringenta
783 1225 901 1267 milia
927 1224 1134 1279 modium,
1164 1223 1314 1265 hordei
1346 1223 1526 1265 ducenta
1552 1224 1838 1280 septuaginta.

281 1302 411 1329 naves
445 1286 666 1328 onerariae
700 1285 923 1339 sexaginta
954 1287 1041 1325 tres
1074 1283 1115 1324 in
1143 1285 1271 1337 portu
1298 1284 1566 1338 expugnatae
1592 1285 1838 1339 captaeque,

283 1346 488 1401 quaedam
522 1360 616 1387 cum
649 1345 736 1386 suis
770 1343 989 1396 oneribus,
1027 1342 1258 1396 frumento,
1301 1342 1447 1396 armis,
1486 1355 1580 1382 aere
1618 1345 1839 1396 praeterea

282 1406 476 1460 ferroque
510 1408 552 1446 et
582 1405 724 1445 linteis
753 1406 795 1445 et
828 1404 972 1457 sparto
1006 1404 1048 1444 et
1079 1401 1222 1443 navali
1253 1401 1337 1442 alia
1368 1401 1547 1442 materia
1578 1401 1631 1442 ad
1657 1401 1838 1444 classem

281 1534 388 1579 dingt
420 1534 478 1568 die
511 1533 654 1568 bessere
687 1531 948 1575 Behandlung,
986 1541 1024 1565 es

280 1581 362 1616 sind
387 1580 477 1624 alle,
511 1582 574 1625 qui
599 1590 690 1624 opus
714 1579 875 1623 faciunt,
902 1577 1025 1612 Hand-

283 1628 424 1663 werker
449 1628 524 1662 und
551 1627 767 1662 Techniker.

322 1676 490 1720 publicos
520 1676 598 1717 fore
632 1686 666 1718 p.
697 1673 760 1719 R]
795 1673 846 1707 sie
878 1672 1026 1706 werden

283 1724 360 1757 also
387 1722 491 1757 nicht
516 1734 562 1757 an
585 1721 733 1756 Private
761 1719 933 1755 verkauft
951 1719 1024 1763 vgl.

282 1782 311 1806 c.
341 1774 396 1814 27,
423 1773 444 1803 4
473 1771 513 1804 iu
533 1769 722 1813 publicum
750 1767 929 1811 redempti.

329 1829 406 1852 cum
427 1817 503 1862 spe]
526 1828 605 1851 cum
623 1815 840 1850 bezeichnet
856 1815 921 1848 das
935 1813 1024 1847 Hin-

282 1866 446 1899 zutreten
489 1863 589 1898 eines
628 1874 748 1897 neuen
778 1861 940 1896 Vorteils
981 1873 1024 1894 zu

281 1912 363 1947 dem
385 1912 552 1956 publicos
577 1911 653 1953 fore
673 1922 712 1955 p.
740 1909 785 1945 R.

328 1959 532 1994 ministeria
563 1957 666 2002 belli]
694 1969 774 1991 zum
801 1955 936 2000 Kriege
963 1966 1024 1999 ge-

281 2006 410 2052 horige
460 2004 773 2049 Verrichtungen,
826 2002 1024 2037 Dienstlei—

283 2055 455 2098 stungen3
485 2052 674 2088 dieselben
699 2051 847 2086 werden
871 2061 899 2085 c.
921 2052 977 2093 51,
1006 2053 1023 2083 7

281 2101 397 2135 naher
421 2099 672 2134 beschrieben.
698 2098 783 2144 Vgl.
810 2097 870 2139 22,
898 2100 952 2139 19,
984 2101 1025 2131 10

282 2148 487 2182 ministeria
511 2148 672 2181 nautica.
708 2157 736 2179 e.
765 2148 820 2188 25,
851 2148 891 2179 19
918 2145 1025 2178 mim·-

282 2196 393 2230 steria
419 2195 511 2229 artis
536 2194 692 2228 servilia.

330 2242 447 2287 enixe]
476 2240 537 2275 bei
569 2240 647 2275 Liv.
675 2239 779 2274 nicht
804 2238 932 2273 selten.
965 2237 1025 2280 27,

284 2293 344 2333 10,
379 2293 410 2324 4.
456 2288 561 2322 Auch
592 2287 794 2333 gesteigert
819 2285 883 2327 29,
917 2289 953 2323 1.
984 2288 1024 2319 18

282 2347 388 2381 eoque
417 2336 562 2371 enixius
587 2336 636 2370 ad
661 2335 788 2369 bellum
808 2333 1027 2367 adiuverunt

284 2383 358 2427 (28,
386 2387 441 2426 35,
468 2387 487 2417 9
515 2395 550 2416 u.
577 2381 610 2425 4,
638 2385 693 2425 41,
721 2385 740 2415 9
771 2378 1028 2414 umschrieben

282 2431 398 2475 mayis
423 2431 550 2473 enixe).

334 2481 363 2512 3.
392 2478 594 2512 incolarum
615 2474 798 2519 iuvenum]
819 2472 960 2508 iuvenis
979 2471 1029 2506 ist

282 2525 363 2559 hier
387 2523 673 2568 ungewohnlich
697 2519 943 2566 adjektivisch
965 2530 1027 2564 ge-

284 2572 453 2614 braucht,
482 2571 550 2605 wie
577 2571 679 2605 sonst
705 2569 926 2609 adolescens;
952 2566 1026 2610 vgl.

285 2630 313 2654 c.
342 2622 398 2663 50,
429 2622 448 2652 2
471 2618 636 2662 principi
663 2616 917 2651 Celtiberorum
943 2614 1026 2649 ado-

285 2666 436 2701 lescenti.
482 2665 586 2700 Doch
612 2664 707 2699 auch
733 2663 793 2707 29,
820 2666 876 2706 29,
904 2665 923 2696 3
956 2672 1026 2695 ser-

287 2724 412 2748 vorum
438 2713 607 2757 capitum.

333 2761 375 2795 in
395 2761 539 2795 classem
559 2760 607 2794 ad
627 2759 909 2803 supplementum
926 2767 955 2790 r.
971 2756 1027 2789 de-

287 2807 356 2852 dit]
383 2807 456 2852 vgl.
484 2819 514 2842 c.
538 2811 594 2849 35,
621 2811 640 2840 3
662 2806 809 2850 remiyes
828 2804 916 2839 dare
923 2816 935 2845 ;
961 2802 1030 2836 mit

288 2855 336 2889 ad
373 2854 449 2888 und
490 2855 531 2888 in
568 2853 659 2888 wird
698 2852 761 2887 der
800 2850 931 2886 Zweck
967 2848 1028 2883 be-

288 2901 464 2936 zeichnet.
493 2913 521 2935 c.
549 2905 603 2945 11,
627 2904 647 2934 5
680 2900 720 2935 in
746 2899 1030 2943 supplementum

289 2948 506 2992 Hispaniae.

1145 1533 1177 1563 5.
1192 1528 1414 1573 catapultae]
1433 1532 1500 1563 cat.
1516 1540 1599 1562 zum
1613 1529 1840 1564 Schleudern

1097 1587 1169 1611 von
1195 1575 1419 1610 Geschossen
1445 1576 1519 1609 und
1540 1575 1698 1619 Pfeilen,
1724 1577 1839 1611 maoei-

1098 1634 1175 1658 mae
1217 1624 1370 1666 formae:
1421 1622 1598 1667 ‘grossten
1640 1622 1836 1658 Kalibers’.

1098 1670 1182 1716 Vgl.
1209 1669 1268 1712 34,
1295 1674 1351 1713 26,
1379 1674 1419 1704 11
1447 1671 1598 1705 minoris
1618 1671 1756 1713 formae
1774 1682 1839 1705 na-

1098 1719 1207 1763 viyia.
1234 1717 1294 1761 36,
1320 1721 1377 1761 43,
1403 1721 1434 1752 8.
1470 1717 1529 1761 37,
1556 1721 1616 1760 23,
1644 1721 1663 1752 5
1690 1719 1840 1753 maioris

1098 1766 1235 1808 formae
1259 1765 1420 1800 navium.

1144 1828 1174 1859 6.
1209 1823 1390 1868 ballistae]
1430 1822 1490 1857 ein
1520 1822 1741 1868 bogenartig
1775 1835 1840 1869 ge·

1096 1871 1248 1906 formtes
1269 1870 1494 1905 Instrument
1513 1882 1594 1904 zum
1615 1869 1840 1905 Schleudern

1098 1930 1170 1953 von
1197 1918 1357 1953 Steinen.

1144 1965 1361 2010 scorpiones]
1384 1963 1610 2006 Maschinen,
1633 1964 1703 1999 mit
1722 1964 1841 2000 denen

1098 2012 1240 2048 sowohl
1267 2012 1391 2047 Steine
1424 2011 1478 2046 als
1503 2010 1621 2046 Pfeile
1646 2012 1841 2056 geschleu-

1099 2060 1181 2095 dert
1206 2059 1368 2094 wurden.

1146 2123 1177 2155 8.
1211 2129 1372 2163 appensa
1408 2117 1734 2163 adnumerataque]
1776 2118 1840 2152 das

1099 2168 1193 2201 erste
1231 2167 1270 2200 in
1301 2165 1424 2209 Bezug
1461 2164 1527 2198 auf
1555 2175 1632 2208 ary.
1664 2165 1756 2207 facti
1785 2166 1840 2200 iu-

1097 2214 1198 2256 feet.;
1231 2212 1294 2246 das
1321 2212 1448 2246 zweite
1473 2211 1511 2245 in
1536 2210 1659 2256 Bezug
1684 2211 1749 2246 auf
1771 2223 1840 2256 pa—

1099 2264 1194 2295 terae
1218 2259 1293 2293 und
1316 2270 1415 2294 vasa.

1147 2323 1177 2353 9.
1206 2321 1434 2363 eoepuyuatae
1452 2317 1661 2363 captaeque]
1686 2317 1760 2362 vgl.
1781 2317 1843 2362 36,

1101 2369 1161 2408 44,
1195 2369 1215 2400 9
1249 2376 1325 2399 una
1356 2365 1449 2399 duas
1483 2374 1590 2399 naves
1621 2365 1844 2410 expuqnavit

1101 2414 1268 2457 cepitque.
1295 2412 1354 2455 39,
1382 2415 1438 2455 31,
1467 2415 1509 2446 17
1536 2415 1656 2447 castra
1681 2415 1790 2457 capta
1811 2415 1844 2448 et

1100 2463 1310 2505 eoepuynata
1335 2470 1415 2494 esse.
1442 2457 1502 2502 40,
1532 2463 1586 2500 14,
1614 2463 1654 2493 11
1683 2471 1717 2494 u.
1745 2463 1778 2495 ὅ.

1148 2524 1227 2547 cum
1271 2513 1347 2547 suis
1391 2511 1580 2557 oneribus]
1631 2512 1708 2546 suis
1754 2511 1841 2556 eig.:

1101 2560 1166 2594 der
1185 2560 1298 2594 ihnen
1315 2559 1618 2602 zukommenden,
1639 2558 1842 2603 gebiihren-

1101 2607 1171 2641 den
1196 2607 1332 2642 Fracht
1358 2607 1391 2642 d.
1411 2607 1445 2640 h.
1473 2606 1543 2640 mit
1566 2605 1684 2640 voller
1707 2604 1843 2640 Fracht

1101 2671 1145 2684 =
1171 2655 1265 2689 iusto
1294 2665 1406 2689 onere.
1451 2653 1518 2696 21,
1547 2656 1600 2695 17,
1626 2655 1647 2686 8
1673 2662 1752 2686 cum
1777 2662 1842 2688 suo

1101 2703 1195 2737 iusto
1209 2703 1379 2746 equitatu.
1397 2700 1432 2743 9,
1442 2704 1474 2744 2,
1485 2703 1528 2734 10
1539 2700 1667 2742 (viam)
1679 2699 1842 2734 clausam

1101 2760 1169 2784 sua
1194 2750 1290 2784 obice
1315 2748 1494 2791 armisque
1521 2746 1721 2780 inveniunt.

1147 2801 1286 2846 sparto]
1313 2799 1456 2834 sfidlich
1485 2809 1556 2833 von
1583 2797 1769 2844 Carthago
1795 2799 1841 2836 N.

1101 2848 1237 2883 befand
1262 2847 1338 2881 sich
1365 2846 1430 2881 der
1454 2856 1601 2890 campus
1622 2847 1842 2890 spartarius,

1102 2895 1168 2930 auf
1179 2894 1355 2929 welehem
1369 2896 1531 2938 spartum
1541 2907 1551 2926 :
1570 2892 1841 2939 Pfriemengras

1101 2941 1242 2986 wuchs,
1281 2941 1345 2975 das
1383 2953 1427 2975 zu
1465 2939 1769 2976 Schiffszwecken
1802 2940 1841 2975 in
