1963 3308
125 205 154 223 a.
177 197 241 223 Chr.
263 204 291 222 n.
312 196 371 221 210.

644 183 788 219 LIBER
812 182 942 218 XXVI.
993 181 1092 218 CAP.
1119 185 1174 217 45.
1627 179 1682 221 97

127 297 297 338 bantur.
347 293 520 349 quidam
554 294 767 335 stantibus
799 293 924 334 scalis
958 305 1051 333 cum
1085 290 1268 332 altitudo
1295 289 1522 344 caliginem
1548 289 1681 331 oculis

127 353 367 407 offudisset,
413 352 465 394 ad
508 355 666 394 terram
709 352 841 394 delati
882 353 993 393 sunt.

1060 352 1102 391 et
1144 364 1240 391 cum
1283 349 1442 403 passim
1484 348 1681 391 homines
1708 357 1730 388 4

124 413 352 466 *scalaeque
395 414 582 466 ruerent,
627 413 669 453 εὴ
710 412 804 466 ipso
850 424 1045 452 successu
1090 408 1266 450 audacia
1310 410 1437 463 atque
1482 407 1681 449 alacritas

128 471 318 514 hostium
351 472 571 524 cresceret,
605 470 775 526 signum
805 469 993 523 receptui
1025 467 1171 509 datum
1198 469 1280 522 est,
1313 467 1426 522 quod
1451 481 1570 521 spem
1596 481 1683 508 non
1709 476 1728 506 5

128 530 368 586 praesentis
400 529 526 571 modo
557 530 610 570 ab
641 532 764 571 tanto
792 528 1019 570 certamine
1045 540 1094 567 ac
1125 526 1273 567 labore
1300 526 1454 580 quietis
1482 525 1682 580 obsessis,

129 589 202 631 sed
232 589 362 630 etiam
394 589 438 629 in
468 590 688 642 posterum
720 587 853 640 dedit,
885 586 1010 627 scalis
1038 587 1080 625 et
1105 599 1263 626 corona
1289 584 1383 638 capi
1415 585 1564 626 urbem
1594 599 1681 627 non

126 663 273 703 posse,
312 662 441 702 opera
478 650 520 688 et
557 646 748 687 difficilia
785 659 877 687 esse
910 647 952 685 et
988 645 1156 697 tempus
1195 643 1346 684 datura
1379 643 1430 684 ad
1465 643 1682 685 ferendam

129 722 253 762 opem
284 706 615 761 imperatoribus
649 705 748 746 suis.

243 765 327 807 Vix
365 765 481 819 prior
523 763 732 804 tumultus
771 763 1050 816 conticuerat,
1095 774 1192 802 cum
1231 758 1374 814 Scipio
1413 760 1466 802 ab
1506 760 1681 802 defessis
1709 771 1729 802 6

129 825 214 866 iam
251 823 566 877 vulneratisque
603 824 794 864 recentes
839 822 1114 875 integrosque
1154 819 1261 861 alios
1307 820 1498 873 accipere
1543 820 1681 862 scalas

126 884 246 925 iubet
282 886 319 924 et
352 882 394 923 vi
432 881 592 922 maiore
624 881 797 936 adgredi
829 880 989 921 urbem.
1044 879 1153 934 ipse,
1190 881 1238 920 ut
1270 878 1307 919 ei
1342 879 1586 920 nuntiatum
1619 880 1683 920 est
1709 888 1729 919 7

128 944 293 983 aestum
325 939 542 994 decedere,
580 941 693 995 quod
730 955 805 995 per
842 940 1078 993 piscatores
1110 937 1452 979 Tarraconenses
1483 952 1593 980 nunc
1627 939 1684 979 le-

128 1001 252 1041 vibus
273 999 448 1051 cumbis,
473 1014 596 1052 nunc,
621 999 695 1040 ubi
715 1013 788 1040 eae
817 998 1016 1052 siderent,
1042 997 1161 1039 vadis
1188 999 1446 1051 pervagatos
1469 999 1682 1053 stagnum,

122 1060 395 1113 compertum
421 1058 621 1112 habebat,
646 1058 816 1100 facilem
841 1057 1022 1112 pedibus
1049 1056 1102 1098 ad
1126 1071 1294 1097 murum
1319 1056 1551 1097 transitum
1578 1056 1683 1110 dari,

124 1132 177 1159 eo
210 1132 352 1159 secum
385 1120 573 1159 armatos
611 1118 847 1171 qu‘inyentos
884 1117 1015 1158 duxit.
1070 1115 1257 1156 medium
1295 1114 1427 1156 ferme
1463 1115 1546 1156 diei
1579 1118 1683 1170 erat,
1709 1125 1730 1156 8

126 1179 170 1218 et
203 1177 255 1218 ad
286 1177 347 1231 id,
386 1176 499 1230 quod
537 1191 613 1218 sua
652 1179 802 1231 sponte
837 1176 1007 1218 cedente
1046 1176 1091 1216 in
1128 1188 1244 1216 mare
1278 1177 1399 1216 aestu
1430 1174 1684 1216 trahebatur

174 1328 363 1372 caliqinem
394 1328 506 1362 oculis
537 1328 750 1371 offunderet]
792 1327 868 1362 ‘ein

128 1374 337 1409 Schwindel
359 1374 486 1419 ergriff
509 1374 588 1410 sie'.
626 1375 708 1419 Vgl.
730 1374 790 1417 22,
810 1378 866 1417 43,

129 1425 170 1456 11
203 1422 244 1456 in
274 1425 496 1456 occaecatum
531 1422 677 1466 pulvere
717 1422 868 1465 offuso

125 1469 275 1512 kostem;
314 1469 408 1503 auch
446 1469 512 1503 auf
546 1469 722 1514 geistiges
762 1469 868 1504 fiber-

124 1517 274 1561 tra-gen:
312 1516 378 1560 39,
410 1519 470 1558 15,
497 1520 518 1550 4
542 1517 696 1550 nimium
721 1516 869 1551 terroris

126 1563 370 1606 offundam.
427 1563 494 1606 28,
538 1567 600 1606 29,
646 1567 666 1597 9
709 1565 869 1598 omnium

125 1621 246 1645 rerum
276 1613 391 1645 terror
422 1611 535 1645 oculis
569 1611 788 1655 auribusque
821 1615 871 1645 est

126 1658 275 1700 offusus.

174 1719 206 1750 5.
232 1717 326 1760 quod
350 1727 446 1760 spe-m
471 1727 545 1750 non
564 1716 769 1760 praesentis
789 1716 868 1761 etc]

125 1762 209 1797 Von
234 1774 329 1807 spem
358 1763 474 1808 hangt
504 1763 643 1797 sowohl
671 1764 871 1807 praesentis

121 1810 271 1854 quietis,
292 1810 348 1844 als
368 1810 515 1845 obsessis
535 1810 598 1852 ab3
622 1810 716 1844 doch
737 1809 870 1844 mfisste

126 1856 279 1891 korrekt
329 1857 413 1891 dem
469 1857 618 1892 Genitiv
666 1859 870 1901 praesentis

124 1904 254 1948 quietis
294 1904 346 1938 im
389 1904 588 1948 folgenden
625 1904 684 1938 ein
723 1903 870 1939 Genitiv

125 1951 246 1993 futuri
273 1952 340 1985 otii
365 1951 453 1985 oder
473 1951 588 1996 dergl.
615 1952 868 1995 entsprechen.

127 1997 227 2032 Statt
251 1998 381 2032 dessen
406 1998 575 2043 begnfigt
600 1998 677 2032 sich
695 1998 773 2034 Liv.
802 1998 870 2033 mit

126 2044 192 2079 der
237 2045 482 2089 allgemeinen
531 2046 755 2090 Andcutung
805 2045 869 2080 der

125 2091 290 2126 Zukunft
313 2093 354 2127 in
378 2096 568 2136 posterum.

171 2139 318 2184 corona]
348 2139 417 2184 eig.
444 2139 726 2184 Umzingelung.
753 2138 813 2181 24,
833 2143 866 2182 2,

126 2189 170 2220 10
195 2196 328 2229 corona
353 2187 467 2230 cinglo.
513 2186 573 2228 23,
601 2189 655 2227 18,
682 2191 702 2220 5
735 2197 868 2221 corona,

124 2233 285 2277 undique
302 2234 533 2268 circumdatis
551 2234 746 2275 moenibus,
767 2245 795 2268 c.
811 2237 867 2277 44,

123 2283 165 2320 33
203 2280 282 2313 hier
313 2280 527 2315 verbunden
562 2280 632 2315 mit
667 2281 775 2315 scalis
807 2293 868 2315 zur

127 2325 387 2372 Bezeichnung
413 2327 512 2362 eines
535 2327 600 2362 der
618 2327 868 2372 eigentlichen

128 2373 265 2407 obsidio
307 2376 676 2419 entgegengesetzten
713 2375 867 2409 Verfah-

126 2430 221 2463 rens,
242 2419 288 2454 da
306 2431 378 2454 von
399 2421 499 2455 einer
519 2421 787 2466 Umzingelung
804 2422 869 2457 der

127 2465 240 2547 {tacit
264 2466 367 2501 nicht
392 2468 560 2502 wirklich
587 2468 645 2502 die
665 2468 766 2503 Rede
791 2470 867 2504 sein

156 2524 238 2548 ann.

176 2576 207 2607 6.
246 2572 330 2617 vix]
370 2572 436 2606 das
473 2573 606 2607 hochst
643 2574 867 2609 auffallende

128 2619 343 2663 Asyndeton
404 2619 675 2654 adversativum
735 2621 869 2656 drfickt

125 2666 193 2700 das
235 2666 489 2701 Unerwartete
540 2666 602 2700 des
652 2666 867 2713 Vorganges

128 2713 254 2747 scharf
276 2723 351 2747 aus.

175 2763 260 2794 twm.
287 2760 522 2806 conticuerat]
548 2760 606 2804 25,
635 2764 690 2803 10,
717 2765 737 2795 6
757 2762 868 2796 conti-

129 2807 279 2841 ciscebat
305 2808 501 2851 paullatim
527 2809 712 2843 tumultus.
744 2807 784 2851 2,
812 2812 867 2850 55,

129 2856 174 2887 10
212 2855 457 2889 conticiscente
493 2856 659 2891 tumultu.
701 2854 735 2897 4,
778 2859 808 2897 1,
848 2860 867 2890 5

128 2901 396 2935 conticiscerent
411 2930 416 2936 .
429 2928 452 2937 ..
469 2903 625 2936 actiones
638 2903 867 2937 tribuniciae.

128 2945 165 2989 2,
192 2950 247 2988 29,
275 2952 315 2981 11
342 2948 448 2990 furor
472 2949 682 2985 conticiscet.

200 3010 259 3037 Tit.
278 3011 345 3039 Liv.
381 3012 416 3040 B.
436 3013 478 3038 26.

988 1328 1147 1371 accipere
1172 1326 1235 1372 ab]
1262 1326 1417 1360 deutsch
1442 1326 1684 1371 umgekehrt:

941 1385 980 1408 er
1022 1374 1179 1409 befiehlt
1221 1374 1293 1408 den
1336 1374 1580 1417 Ermiideten,
1624 1373 1684 1408 die

940 1421 1090 1456 Leitern
1120 1432 1168 1455 an
1205 1420 1340 1455 frische
1373 1421 1546 1466 Truppen
1578 1421 1683 1456 abzu-

941 1469 1077 1513 geben3
1097 1468 1202 1503 oder:
1224 1479 1263 1502 er
1275 1468 1427 1502 befiehlt
1442 1468 1511 1503 den
1524 1468 1685 1503 frischen

942 1517 1135 1561 Truppen,
1186 1515 1246 1550 die
1294 1515 1442 1550 Leitern
1496 1516 1568 1550 den
1618 1515 1685 1550 Er-

941 1563 1118 1598 mfideten
1143 1563 1459 1598 abzunehmen.
1504 1563 1570 1606 27,
1597 1567 1636 1606 2,
1665 1567 1684 1598 7

943 1611 1043 1655 apud
1065 1611 1178 1645 hostes
1202 1610 1335 1654 inteqri
1354 1622 1377 1645 a
1395 1611 1498 1653 fessis
1519 1621 1686 1655 pugnam

943 1669 1115 1701 accepere.

991 1720 1022 1750 7.
1039 1720 1174 1751 aestum
1188 1716 1363 1761 decedere]
1383 1715 1477 1751 ‘dass
1488 1716 1591 1751 Ebbe
1608 1716 1685 1751 ein-

942 1764 1065 1799 trete’.
1115 1764 1198 1808 Vgl.
1226 1767 1244 1805 §
1270 1767 1290 1797 8
1323 1764 1496 1798 cedente
1520 1765 1561 1798 in
1586 1774 1685 1798 mare

943 1814 1052 1845 aestu.
1099 1822 1128 1845 c.
1156 1815 1211 1853 42,
1239 1814 1259 1844 8
1286 1811 1444 1853 deficit
1469 1821 1576 1846 mare.

989 1858 1160 1903 siderent]
1182 1858 1405 1892 dichterisch
1426 1858 1499 1891 und
1519 1857 1686 1902 11618Ρῆ-

941 1907 1045 1939 teren
1064 1916 1150 1940 vom
1164 1904 1363 1939 Auflaufen
1380 1905 1444 1939 der
1459 1904 1604 1948 Sohiffe,
1625 1905 1686 1939 bei

942 1952 1020 1987 Liv.
1047 1964 1116 1986 nur
1140 1952 1228 1987 hier.
1268 1952 1410 1986 Anders
1436 1951 1496 1994 22,
1522 1956 1554 1994 4,
1582 1956 1601 1986 6
1624 1963 1684 1986 ne-

942 2000 1029 2034 bula
1054 2010 1179 2043 campo
1203 2010 1311 2043 quam
1336 1999 1517 2034 montibus
1539 2000 1684 2034 densior

940 2047 1079 2081 sederat
1104 2063 1148 2075 ==
1174 2047 1386 2082 considerat.

988 2109 1019 2139 8.
1047 2105 1201 2139 medium
1220 2105 1328 2147 ferme
1341 2105 1413 2140 diei
1428 2108 1517 2148 erat,
1538 2105 1584 2151 et]
1601 2105 1683 2140 eine

940 2151 1000 2186 bei
1026 2152 1104 2187 Liv.
1131 2152 1278 2197 haufige
1298 2151 1409 2187 Form
1433 2153 1497 2186 der
1516 2152 1682 2196 Periode,

940 2210 1003 2233 um
1029 2211 1072 2233 zu
1104 2199 1342 2242 bezeichnen,
1379 2199 1475 2243 dass,
1507 2200 1683 2234 wahrend

940 2246 999 2281 die
1043 2248 1139 2281 erste
1175 2247 1376 2291 Handlung
1417 2246 1579 2289 cintritt,
1623 2247 1683 2281 die

941 2293 1070 2328 zweite
1097 2294 1244 2336 dauert3
1270 2294 1497 2328 namentlich
1520 2293 1590 2328 mit
1608 2295 1684 2329 iam

941 2360 984 2364 —
1005 2344 1046 2384 et,
1072 2341 1147 2375 iam
1167 2361 1209 2365 -—
1231 2352 1305 2385 que.
1333 2340 1392 2383 27,
1416 2345 1472 2383 48,
1494 2345 1537 2375 17
1558 2344 1591 2375 et
1608 2341 1684 2376 iam

940 2388 1013 2422 diei
1045 2388 1200 2422 medium
1225 2391 1319 2430 erat,
1350 2388 1497 2432 sitisque
1527 2391 1558 2423 et
1583 2390 1684 2424 calor

938 2455 984 2459 ——
1006 2435 1198 2478 capiendos
1222 2435 1415 2478 praebebat
1438 2436 1594 2480 (hostes).

988 2482 1037 2516 ad
1055 2483 1095 2516 id
1114 2481 1225 2527 quod]
1248 2499 1291 2511 =
1306 2486 1560 2527 praeterquam
1575 2483 1680 2527 quod.

940 2527 974 2572 3,
1009 2532 1064 2573 62,
1099 2533 1116 2562 1
1144 2530 1192 2564 ad
1229 2529 1286 2571 id,
1324 2530 1418 2573 quod
1454 2541 1522 2564 sua
1558 2533 1683 2574 sponte

940 2576 1134 2610 conlectum
1165 2577 1369 2611 animorum
1394 2580 1488 2619 erat,
1519 2577 1682 2621 indiyni-

940 2625 1011 2656 tate
1048 2623 1154 2657 etiam
1191 2623 1352 2657 Romani
1385 2624 1680 2659 accendebantur.

986 2669 1217 2714 trahebatur]
1250 2670 1320 2704 wie
1354 2670 1517 2705 nachher
1547 2671 1683 2712 ferebat

939 2724 1010 2748 von
1025 2715 1089 2749 der
1103 2715 1302 2760 Stromung
1317 2718 1469 2759 (aestus)
1487 2717 1551 2751 der
1568 2716 1681 2760 Ebbe,

941 2760 999 2795 die
1026 2761 1091 2795 das
1118 2761 1268 2796 Wasser
1291 2765 1416 2806 (aqua,
1441 2766 1624 2807 staqnum)
1642 2763 1681 2798 in

941 2807 1005 2841 der
1031 2807 1218 2852 Richtung
1242 2809 1337 2843 nach
1363 2809 1447 2843 dem
1470 2809 1591 2845 Meere
1616 2810 1682 2844 hin

939 2856 1066 2898 (mare)
1091 2855 1160 2889 mit
1185 2855 1263 2889 sich
1289 2856 1397 2890 zieht.
1435 2856 1597 2892 Beachte
1621 2857 1680 2892 die

940 2900 1234 2947 Abwechselung
1249 2902 1312 2937 der
1321 2903 1549 2938 Ausdrficke:
1570 2915 1679 2947 mare,

940 2952 1076 2991 aestus,
1103 2960 1218 2993 aqua,
1244 2952 1421 2994 staynum.

1377 3013 1395 3022 .-

1380 3023 1390 3044 A
