1963 3308
127 343 170 374 17

128 694 168 725 18

128 930 169 960 19

125 1105 172 1136 20

197 165 254 206 90
719 160 865 196 LIBER
890 161 1019 196 XXVI.
1073 160 1174 195 CAP.
1201 164 1256 194 41.

1600 177 1625 194 a.
1647 176 1675 194 u.
1695 169 1755 195 544.

197 272 358 314 Bruttii
396 270 659 324 compulsus,
696 268 807 309 nihil
843 268 932 309 iam
968 267 1108 308 maius
1147 269 1346 320 precatur
1383 267 1502 321 deOS,
1542 282 1670 322 quam
1710 269 1756 308 ut

197 330 400 373 incolumi
443 328 590 370 cedere
635 329 762 381 atque
806 326 922 367 abire
968 340 1019 367 ex
1061 325 1251 367 hostium
1289 328 1406 367 terra
1448 326 1586 368 liceat.
1655 325 1756 380 quid

196 391 332 444 igitur
364 388 506 429 minus
539 386 782 439 conveniat,
814 385 992 438 milites,
1036 399 1181 439 quam,
1220 398 1315 425 cum
1348 384 1458 426 aliae
1491 399 1618 439 super
1650 384 1755 426 alias

196 448 339 490 clades
372 445 709 498 cumularentur,
742 459 791 486 ac
823 443 865 484 di
896 457 1031 497 prope
1062 443 1147 497 ipsi
1179 457 1275 484 cum
1306 442 1548 484 Hannibale
1580 445 1757 496 starent,

197 521 272 548 vos
303 506 373 546 hic
406 519 501 547 cum
533 503 786 559 parentibus
813 502 919 543 meis
944 526 993 531 —-
1024 504 1259 556 aequentur
1286 501 1401 543 enim
1433 502 1561 542 etiam
1591 501 1757 544 honore

195 564 381 607 nominis
403 587 456 594 -—
481 562 734 604 sustinuisse
760 562 982 603 labantem
1007 560 1225 602 fortunam
1250 560 1400 615 populi
1419 560 1621 613 Romani;
1647 574 1759 602 nunc

196 623 385 676 eosdem,
431 637 526 664 cum
564 622 652 662 illic
692 621 838 663 omnia
875 619 1060 661 secunda
1101 619 1298 673 laetaque
1339 621 1454 672 sunt,
1498 619 1653 660 animis
1691 619 1759 660 de-

195 681 350 725 ficere?
388 695 523 735 nuper
561 694 728 735 quoque
767 693 874 733 quae
912 678 1172 731 acciderunt,
1212 678 1376 719 utinam
1414 680 1503 718 tam
1543 678 1633 718 sine
1665 691 1759 718 meo

197 742 315 784 luctu
343 755 470 795 quam
489 738 513 764 '³‘
526 737 594 779 *ἢῆ
632 753 745 780 nunc
765 739 824 779 dii
845 737 1112 779 immortales
1133 737 1302 791 imperii
1322 736 1506 778 Romani
1531 735 1761 791 praesides,

198 801 271 855 qui
303 799 504 841 centuriis
538 797 755 850 omnibus,
791 799 839 837 ut
870 796 975 837 mihi
1006 796 1234 849 imperium
1266 796 1464 838 iuberent
1495 794 1606 849 dari,
1643 795 1761 836 fuere

197 861 413 910 auctores,
454 857 582 897 iidem
623 855 814 910 auguriis
854 854 1138 908 auspiciisque
1178 857 1219 895 et
1257 869 1333 908 per
1369 856 1599 895 nocturnos
1634 853 1762 894 etiam

198 918 314 958 visus
361 916 506 957 omnia
549 915 662 956 laeta
700 928 749 955 ac
793 927 1000 967 prospera
1044 913 1319 966 portendunt.
1383 913 1548 954 animus
1594 926 1762 966 quoque

199 990 337 1029 meus,
369 974 579 1016 maximus
612 973 719 1014 mihi
750 972 803 1014 ad
834 972 916 1013 hoc
948 975 1120 1025 tempus
1147 973 1285 1025 vates,
1317 971 1536 1026 praesagit
1566 973 1762 1012 nostram

196 1034 456 1089 Hispaniam
501 1047 611 1087 esse,
659 1032 778 1073 brevi
824 1033 992 1072 extorre
1037 1030 1136 1071 hinc
1187 1044 1313 1072 omne
1356 1029 1563 1071 Punicum
1606 1043 1763 1071 nomen

199 1094 337 1135 maria
363 1095 583 1146 terrasque
609 1091 734 1133 foeda
760 1090 865 1144 fuga
890 1089 1179 1144 impleturum.
1225 1087 1338 1143 quod
1362 1103 1484 1129 mens
1505 1102 1582 1129 sua
1608 1089 1762 1142 sponte

199 1152 382 1202 divinat,
427 1151 537 1192 idem
580 1150 738 1191 subicit
774 1149 885 1190 ratio
923 1148 1039 1190 haud
1076 1147 1222 1189 fallax.
1291 1147 1431 1189 vexati
1470 1147 1521 1188 ab
1566 1146 1619 1187 iis
1659 1146 1765 1188 socii

246 1283 285 1314 ut
312 1278 500 1323 ineolumi]
528 1278 593 1312 das
620 1276 798 1322 Adjektiv
823 1276 861 1310 in
881 1278 944 1310 At-

199 1326 364 1362 traktion
397 1337 443 1359 an
478 1325 547 1359 den
576 1324 637 1359 bei
663 1325 742 1358 lieet
767 1323 946 1358 erforder-

200 1374 323 1408 lichen
344 1372 457 1407 Dativ
483 1372 548 1406 der
573 1371 709 1406 Person
735 1371 836 1405 steht
860 1371 946 1404 wie-

198 1421 346 1456 derholt
387 1419 447 1454 bei
486 1419 563 1453 Liv.
603 1420 697 1453 trotz
736 1418 800 1452 der
832 1418 945 1461 Weg-

200 1469 352 1511 lassung
373 1467 465 1501 eben
485 1466 604 1500 dieses
619 1465 790 1505 Datives;
811 1464 947 1509 jedoch

201 1514 427 1550 beschrankt
447 1513 512 1547 auf
530 1513 601 1546 den
615 1511 706 1555 Fall,
728 1511 808 1546 dass
829 1511 948 1546 dieser

201 1562 313 1596 Dativ
355 1561 419 1595 der
457 1561 521 1595 des
560 1559 668 1594 Pron.
704 1560 850 1594 Person.
889 1558 947 1592 ist.

200 1609 236 1652 3,
257 1613 313 1651 50,
336 1612 355 1642 6
382 1609 414 1642 si
441 1608 571 1642 liberae
597 1608 712 1641 vicere
738 1626 781 1630 —
809 1606 948 1640 licitum

198 1657 340 1700 fuisset.

252 1718 305 1748 17.
334 1714 422 1758 quid
453 1713 567 1757 iyitur
595 1712 716 1746 miuus
742 1711 947 1755 conveniat]

205 1762 268 1796 ‘da
288 1761 349 1795 Ihr
370 1772 407 1795 es
433 1760 484 1794 im
504 1759 677 1803 Ungh’ick
706 1758 948 1802 ausgehalten

202 1809 306 1852 habt,
333 1807 461 1842 solltet
486 1807 547 1840 Ihr
573 1818 611 1840 es
631 1806 682 1839 im
703 1805 825 1840 Gh'ick
844 1805 950 1839 nicht

203 1856 352 1890 konnen
361 1855 391 1889 (θ’
419 1856 679 1898 argumentum
700 1864 721 1886 a
741 1851 881 1886 maiore
902 1851 949 1886 ad

204 1902 341 1937 minus:
378 1900 440 1935 An
472 1911 531 1935 cos
557 1900 736 1935 labantem
762 1900 950 1942 fortunam

200 1949 449 1991 sustinuistis,
483 1949 578 1982 laeta
604 1958 646 1981 ac
673 1957 851 1990 prospera
876 1947 949 1988 for-

205 2000 296 2031 tuna
322 1996 457 2031 (mimis
481 1993 678 2037 deficietis?

253 2060 333 2084 cum
355 2049 404 2083 Η.
425 2047 577 2092 starent]
600 2059 662 2080 zur
681 2045 952 2081 Konstruktion

203 2097 278 2141 vgl.
307 2095 372 2138 23,
400 2100 432 2137 8,
459 2098 479 2128 3
506 2105 598 2128 cum
629 2104 710 2137 quo
735 2094 953 2135 ferocissime

200 2154 283 2187 pro
323 2142 492 2176 Romana
535 2141 700 2175 societate
743 2141 955 2175 adversus

208 2190 396 2223 Punicum
421 2189 546 2231 foedus
571 2190 725 2223 steterat.

254 2243 386 2277 honore
425 2239 596 2285 nominis]
634 2239 692 2274 die
729 2238 954 2284 eigentliche

206 2288 443 2323 Amtswi'irde
473 2289 618 2329 (honor)
651 2297 728 2320 war
760 2285 864 2320 nicht
895 2284 955 2319 bei

205 2337 341 2371 beiden
381 2335 520 2380 gleich3
560 2334 632 2378 vgl.
666 2345 696 2368 c.
723 2337 761 2376 2,
789 2337 827 2376 63
868 2332 956 2366 aber

208 2383 268 2417 die
294 2383 413 2416 ihrem
440 2380 646 2415 Andenken
671 2380 831 2425 gezollte
856 2379 953 2413 Ebre

208 2431 260 2471 (12.
289 2429 461 2471 nominis)
490 2428 560 2462 soll
586 2427 709 2472 gleich
736 2426 823 2461 sein.

258 2486 414 2532 eosdem]
467 2486 601 2520 nimmt
651 2486 715 2519 das
758 2495 955 2529 vorausge-

209 2545 379 2580 gangene
417 2544 478 2568 vos
516 2533 585 2567 mit
619 2531 845 2567 Nachdruck
881 2531 958 2566 und

211 2582 331 2616 einem
369 2580 547 2625 gewissen
580 2579 786 2624 Gegensatz
821 2578 958 2613 wieder

211 2628 291 2663 auf:
320 2627 414 2672 jetzt
443 2627 621 2671 dagegen.
649 2630 667 2668 ἓ
691 2629 732 2660 18
759 2626 877 2660 iidem.
923 2625 957 2668 2,

214 2680 268 2719 12,
290 2679 310 2709 2
326 2675 506 2719 populum
520 2674 727 2709 Romanum
740 2673 958 2714 servientem,

214 2743 255 2747 —
284 2722 436 2757 liberum
462 2721 622 2755 eundem.

252 2784 305 2815 18.
314 2781 391 2815 sine
400 2791 474 2814 meo
486 2780 584 2814 luctu
596 2778 718 2823 quam]
727 2777 816 2812 Hier
822 2777 873 2812 ist
881 2777 960 2812 eine

216 2827 341 2862 Lucke
367 2827 405 2861 in
429 2827 500 2872 den
519 2825 820 2868 Handschriften,
845 2824 961 2859 durch

215 2874 354 2908 welche
375 2874 439 2908 der
453 2873 696 2917 Ubergang
715 2884 808 2906 zum
832 2870 960 2906 zwei-

213 2923 289 2956 ten
335 2920 484 2954 Teile:
533 2920 674 2954 maius
723 2919 962 2954 consilium

1018 1287 1143 1320 quam
1177 1285 1258 1319 pro
1292 1278 1436 1309 aetate
1473 1285 1561 1308 mea
1598 1273 1766 1307 verloren

1019 1333 1214 1367 gegangen
1233 1321 1293 1356 ist.
1327 1322 1397 1355 Zur
1412 1322 1458 1355 W
1462 1320 1680 1365 iderlegung
1700 1319 1764 1354 des

1019 1368 1241 1412 Vorwurfes,
1268 1367 1349 1403 dass
1369 1379 1408 1402 er
1423 1368 1518 1413 jung
1537 1370 1600 1410 sei,
1622 1366 1766 1402 scheint

1020 1416 1084 1451 der
1116 1416 1262 1451 Redner
1294 1415 1373 1449 sich
1404 1415 1469 1450 auf
1496 1415 1565 1449 den
1597 1414 1676 1449 ihm
1706 1413 1767 1448 be-

1021 1462 1170 1497 sonders
1196 1462 1528 1507 eigentu'mlichen,
1559 1460 1766 1506 gottlichen

1020 1510 1196 1544 Beist-and
1223 1509 1379 1544 berufen
1405 1521 1448 1543 zu
1473 1509 1606 1543 haben.

1068 1571 1265 1603 nocturnos
1284 1568 1398 1613 visus]
1421 1567 1531 1602 Silius
1545 1566 1696 1601 Italicus
1714 1575 1768 1600 er-

1022 1616 1123 1650 zahlt
1142 1614 1372 1650 ausffihrlich
1386 1625 1458 1649 von
1472 1613 1593 1649 einem
1608 1613 1767 1647 Traume

1022 1663 1086 1697 des
1119 1662 1260 1706 Scipio,
1299 1662 1337 1696 in
1375 1661 1555 1696 welchem
1592 1660 1671 1695 sein
1705 1670 1766 1704 ge-

1022 1709 1177 1744 fallener
1196 1709 1312 1743 Vater
1331 1709 1396 1742 ihn
1416 1720 1460 1742 zu
1480 1708 1619 1743 seinem
1634 1707 1766 1742 Unter—

1021 1757 1180 1791 nehmen
1207 1755 1468 1790 aufmunterte.

1068 1810 1193 1844 onmia
1213 1809 1308 1843 laeta
1328 1819 1370 1843 ae
1385 1807 1526 1852 prosp]
1553 1806 1645 1841 alles
1665 1809 1768 1850 mog-

1022 1857 1117 1891 liche
1132 1856 1240 1899 Gute,
1258 1868 1327 1889 nur
1341 1855 1455 1890 Gutes
1470 1854 1545 1888 und
1561 1852 1768 1897 Gfinstiges.

1023 1903 1088 1946 24,
1119 1907 1178 1946 16,
1211 1907 1252 1937 10
1280 1913 1360 1937 cum
1388 1923 1428 1926 —
1456 1902 1550 1937 bona
1576 1900 1698 1935 omnia
1723 1918 1767 1924 --

1019 1953 1270 1995 precarentur.

1070 2001 1307 2048 portendunt]
1329 2002 1442 2036 alicui
1462 2000 1570 2044 aliqd.
1590 2002 1684 2043 port.
1706 2009 1770 2032 aus

1025 2051 1089 2085 der
1103 2049 1393 2093 Sakralsprache
1413 2048 1594 2089 entlehnt,
1614 2058 1682 2080 nur
1699 2056 1771 2080 von

1027 2097 1172 2141 Dingen
1186 2096 1387 2140 gottlicher
1395 2094 1693 2137 Vorbedeutung.
1710 2091 1770 2136 21,

1027 2149 1083 2187 29,
1109 2148 1131 2177 4
1156 2144 1346 2178 victoriam
1373 2142 1551 2176 Romanis
1570 2139 1766 2184 portendit.

1027 2191 1087 2233 29,
1111 2194 1164 2232 11,
1186 2195 1205 2224 5
1225 2190 1444 2231 (oraculum)
1462 2198 1570 2232 quam
1589 2186 1660 2221 sibi
1675 2196 1771 2229 spem

1023 2238 1231 2282 populoque
1256 2236 1422 2270 Romano
1442 2234 1681 2280 portenderet.

1070 2294 1280 2340 praesayit]
1311 2295 1601 2337 vorausspi'iren,
1633 2292 1770 2332 ahnen3

1027 2343 1202 2377 meistens
1228 2342 1372 2375 animas
1398 2340 1597 2384 praesayit.
1625 2338 1686 2380 25,
1715 2340 1772 2381 35,

1029 2394 1059 2424 3.
1087 2389 1147 2433 29,
1171 2393 1226 2431 10,
1247 2392 1277 2423 7.
1320 2387 1425 2422 Dooh
1445 2386 1540 2421 auch
1562 2385 1773 2430 praesaqire

1029 2438 1161 2471 auimo.
1188 2435 1248 2479 30,
1274 2438 1331 2478 20,
1358 2438 1389 2469 5.

1077 2499 1133 2529 20.
1147 2505 1215 2529 sua
1228 2493 1367 2538 sponte]
1378 2492 1505 2537 h'aufig
1516 2502 1587 2527 von
1596 2490 1773 2532 leblosen,

1030 2541 1272 2576 unbeseelten
1289 2540 1433 2585 Dingen
1454 2556 1498 2568 =
1519 2539 1614 2572 ohne
1629 2536 1773 2571 aussere

1031 2589 1316 2632 Veranlassung.
1364 2599 1392 2623 e.
1421 2590 1482 2628 45,
1511 2589 1532 2619 8
1557 2596 1626 2619 sua
1650 2586 1775 2627 sponte

1032 2637 1171 2671 cedente
1208 2635 1248 2670 iu
1279 2646 1378 2669 mare
1409 2637 1518 2668 aestu.
1561 2631 1606 2666 27
1618 2658 1626 2674 ,
1661 2634 1721 2673 11,
1753 2633 1773 2664 3

1031 2684 1175 2728 siynum
1201 2703 1247 2707 —
1271 2683 1312 2716 iu
1354 2691 1502 2715 manum
1543 2689 1612 2712 sua
1651 2679 1776 2720 sponte

1032 2731 1229 2774 delapsum.
1253 2729 1288 2773 9,
1303 2732 1359 2770 41,
1377 2731 1417 2761 17
1430 2727 1564 2761 clamor
1572 2735 1641 2759 sua
1650 2726 1775 2767 sponte

1032 2780 1143 2812 ortus.

1082 2823 1129 2857 Es
1149 2822 1245 2866 folgt
1265 2821 1329 2855 der
1349 2820 1476 2854 zweite
1497 2816 1636 2852 Beweis
1656 2816 1773 2859 daffir,

1035 2869 1114 2904 da-ls
1122 2869 1186 2904 der
1194 2867 1338 2903 Redner
1349 2867 1407 2901 fiir
1415 2865 1493 2901 sein
1501 2864 1777 2899 Unternehmen

1034 2916 1136 2950 nicht
1157 2927 1201 2949 zu
1217 2914 1311 2959 jung
1331 2913 1394 2956 sei,
1415 2911 1619 2948 bestehend
1639 2911 1676 2945 in
1690 2910 1777 2944 Mit-
