1963 3308
171 169 197 187 a.
218 160 286 187 chr.
306 168 334 186 n.
355 161 416 186 210.
643 151 788 187 LIBER
813 151 944 187 XXVI.
996 151 1098 188 CAP.
1127 156 1182 188 32.
1210 156 1265 187 33.
1679 152 1734 194 69

173 273 294 302 cusas
339 259 561 312 acciperet.

173 331 245 359 eos
278 317 453 359 dimisit.

289 374 521 431 Campanis
548 376 699 419 deinde
727 380 900 419 senatus
928 377 1053 419 datus
1080 381 1162 433 est,
1188 392 1369 433 quorum
1397 378 1536 420 oratio
1564 377 1735 419 misera·
1751 378 1807 419 33

171 435 317 488 bilior,
356 450 484 477 causa
516 436 661 478 durior
693 440 796 477 erat.
857 450 993 490 neque
1026 436 1139 478 enim
1177 437 1353 478 meritas
1385 451 1545 491 poenas
1577 450 1736 492 negare
1762 447 1782 478 2

170 496 371 548 poterant
408 509 484 536 nec
523 495 696 549 tyranni
735 497 874 548 erant,
918 495 962 535 in
1001 508 1106 548 quos
1146 495 1315 548 culpam
1355 496 1617 549 conferrent3
1663 496 1736 537 sed

171 553 276 594 satis
308 567 488 607 pensum
521 568 754 608 poenarum
785 556 854 594 tot
885 566 1051 594 veneno
1085 553 1344 607 absumptis,
1375 556 1444 595 tot
1475 554 1611 595 securi
1642 569 1736 609 per-

171 612 306 653 cussis
340 612 610 654 senatoribus
637 611 881 654 credebant.
929 625 1090 665 paucos
1117 611 1328 652 nobilium
1356 626 1595 666 superesse,
1629 627 1736 667 quos
1762 624 1782 655 3

169 685 248 712 nec
288 685 364 713 sua
402 671 681 724 conscientia,
724 672 772 711 ut
810 670 1036 725 quicquam
1075 670 1125 711 de
1165 684 1208 712 se
1254 671 1427 725 gravius
1466 671 1738 713 consulerent

169 730 405 784 impulerit,
441 743 519 770 nec
558 729 731 770 victoris
769 729 834 770 ira
867 729 1020 783 capitis
1059 728 1342 783 damnaverit,
1381 743 1454 771 eos
1491 730 1737 771 libertatem

171 789 255 830 sibi
282 789 453 842 suisque
480 791 523 829 et
555 788 765 829 bonorum
793 788 980 842 aliquam
1012 792 1182 842 partem
1209 803 1349 843 orare,
1381 788 1494 830 cives
1516 788 1736 830 Romanos

171 847 463 889 adfinitatibus
501 847 727 901 plerosque
767 850 809 888 et
850 847 1103 901 propinquis
1142 847 1271 889 etiam
1310 848 1640 903 cognationibus
1686 862 1737 889 ex

171 906 353 948 conubio
385 908 555 947 vetusto
588 906 772 947 iunctos.
832 906 1056 948 summotis
1090 906 1239 947 deinde
1273 921 1294 948 e
1325 907 1488 961 templo
1520 907 1737 961 paulisper
1762 918 1784 947 4

170 964 427 1017 dubitatum,
460 979 515 1005 an
543 964 819 1006 arcessendus
848 979 871 1005 a
893 963 1040 1019 Capua
1061 964 1107 1014 Q.
1128 964 1304 1006 Fulvius
1332 968 1444 1007 esset
1468 990 1517 995 —
1541 967 1736 1008 mortuus

168 1023 280 1064 enim
312 1027 412 1078 post
444 1026 616 1078 captam
647 1022 851 1065 Claudius
884 1025 1033 1066 consul
1067 1027 1159 1066 erat
1196 1049 1265 1077 —,
1297 1027 1345 1065 ut
1378 1038 1522 1066 coram
1554 1025 1736 1079 impera-

167 1085 280 1136 tore,
321 1083 392 1137 qui
430 1097 498 1124 res
539 1082 760 1137 gessisset,
799 1083 910 1124 sicut
946 1083 1060 1125 inter
1097 1083 1349 1125 Marcellum
1389 1082 1639 1137 Siculosque
1677 1083 1737 1124 di-

171 1144 411 1195 sceptatum
442 1141 598 1196 fuerat,
633 1141 953 1196 disceptaretur.
1011 1141 1108 1183 dein
1140 1157 1235 1184 cum
1264 1141 1321 1183 M.
1349 1141 1532 1184 Atilium
1567 1141 1612 1184 C.
1637 1141 1735 1183 Ful·
1763 1153 1783 1184 5

169 1200 285 1242 vium
317 1200 497 1242 fratrem
528 1199 690 1254 Flacci,
721 1201 889 1255 legatos
923 1201 1031 1255 eius,
1065 1216 1112 1243 ac
1134 1201 1180 1251 Q.
1201 1200 1437 1243 Minucium
1471 1204 1513 1242 et
1538 1201 1584 1242 L.
1604 1200 1737 1242 Vetu-

169 1259 280 1300 rium
316 1258 557 1313 Philonem,
601 1259 705 1301 item
744 1258 912 1301 Claudii
956 1260 1143 1315 legatos,
1189 1261 1260 1316 qui
1299 1260 1498 1302 omnibus
1538 1260 1737 1315 gerendis

169 1318 294 1359 rebus
335 1318 577 1372 adfuerant,
618 1318 662 1359 in
701 1321 852 1360 senatu
892 1318 1105 1373 viderent,
1149 1334 1227 1361 nec
1264 1318 1463 1360 Fulvium
1502 1319 1675 1361 avocari
1713 1334 1737 1360 a

171 1375 320 1432 Capua
350 1391 427 1418 nec
460 1377 621 1419 differri
655 1375 900 1431 Campanos
933 1378 1111 1433 vellent,
1149 1379 1445 1433 interrogatus
1478 1378 1735 1419 sententiam

168 1435 224 1477 M.
269 1436 426 1477 Atilius
471 1435 680 1491 Regulus,
726 1436 845 1478 cuius
891 1450 941 1477 ex
984 1437 1054 1490 iis,
1105 1438 1177 1492 qui
1221 1437 1273 1478 ad
1318 1436 1510 1492 Capuam
1553 1437 1738 1491 fuerant,
1763 1447 1783 1478 6

629 259 839 314 pollicens
889 259 972 302 hoc
1022 260 1171 302 consul
1216 260 1446 302 clementer
1497 260 1736 315 appellatos

170 1551 251 1586 Zeit
281 1552 345 1586 des
379 1551 504 1587 Cicero
542 1552 624 1586 sind
657 1552 811 1588 Statuen
850 1552 915 1587 der

170 1598 366 1633 Marceller
392 1599 431 1633 in
463 1599 535 1634 den
562 1598 720 1634 St'adten
747 1599 915 1634 Siciliens

170 1645 422 1691 gewiihnlich3
460 1646 498 1680 in
536 1646 639 1681 Verr.
679 1646 741 1690 IV,
780 1650 836 1690 40,
871 1650 915 1681 86

169 1696 255 1727 sunt
272 1693 388 1728 medio
409 1694 449 1727 in
467 1694 548 1736 foro
562 1694 823 1728 Marcellorum
843 1697 915 1728 sta-

168 1743 270 1782 tuae,
300 1741 394 1774 sicut
431 1740 504 1783 fere
536 1742 657 1775 ceteris
695 1742 735 1775 in
771 1741 916 1785 oppidis

170 1786 329 1821 Siciliae.

218 1867 247 1891 c.
268 1856 429 1892 33—34.
467 1856 679 1903 Ordnung
705 1859 782 1893 der
804 1869 918 1893 cam-

170 1903 420 1949 panischen
446 1905 883 1950 Angelegenheiten.

218 1966 249 1997 2.
288 1966 339 1997 tot
373 1964 523 2009 veneno]
556 1963 607 1998 im
641 1964 790 1999 Ganzen
821 1966 915 2000 nach

171 2021 201 2044 c.
235 2014 278 2044 15
316 2021 440 2045 waren
477 2011 568 2046 iiber
608 2015 674 2046 100
711 2012 796 2046 teils
834 2012 917 2047 frei—

170 2056 304 2101 winig,
349 2057 433 2092 teils
456 2057 543 2099 ¹auf
579 2058 809 2104 Anordnung
853 2059 916 2094 des

168 2103 321 2138 Fulvius
347 2105 500 2149 getotet.

217 2151 434 2196 absumptis]
468 2152 706 2198 regelmtissig
746 2164 817 2187 von
853 2164 916 2198 ge-

170 2198 389 2233 walt-,samen
415 2198 651 2235 Todesarten.
693 2201 780 2235 bello
802 2199 863 2243 31,
886 2205 916 2242 7,

174 2248 228 2280 10.
255 2246 423 2280 incendio
437 2245 496 2289 35,
513 2250 569 2288 27,
586 2251 615 2281 7.
641 2248 795 2291 proelio,
816 2248 916 2290 fusmo

173 2302 217 2326 ac
240 2302 390 2335 vapore,
415 2294 552 2337 friyore
577 2294 728 2329 absumi.

221 2353 252 2384 3.
298 2351 340 2384 de
387 2361 422 2386 se
469 2353 621 2395 gravius
671 2354 914 2399 consulerent]

174 2396 465 2441 euphemistisch
490 2397 548 2432 fiir
573 2403 718 2434 mortem
743 2401 814 2435 sibi
834 2411 917 2436 con·

173 2444 334 2484 sciscere,
367 2455 496 2478 manus
526 2446 597 2479 sibi
628 2448 767 2489 afferre.
811 2448 918 2482 Auch

174 2489 233 2525 bei
275 2490 387 2525 C'asar
437 2491 482 2525 de
531 2491 632 2528 bello
676 2494 744 2529 civ.
790 2499 826 2536 1,
872 2498 917 2529 22

173 2548 260 2571 suae
283 2538 380 2571 vitae
404 2538 536 2572 durius
560 2540 750 2576 consulere.
792 2541 917 2576 Cicero

172 2584 257 2665 fatln.
289 2589 330 2619 16
360 2586 513 2629 yravius
538 2586 580 2620 de
604 2587 720 2621 salute
744 2591 810 2622 tua
836 2599 918 2623 con-

171 2642 216 2666 su
231 2642 280 2666 as.

221 2679 312 2712 cives
353 2678 552 2724 Romanos]
598 2679 657 2714 die
695 2680 919 2725 Apposition

174 2725 319 2760 enthalt
349 2726 518 2771 zugleich
552 2726 633 2761 eine
656 2726 919 2772 Begri'indung,

172 2782 249 2806 was
275 2772 503 2807 namentlich
528 2773 589 2808 bei
614 2773 692 2808 Liv.
719 2774 824 2808 nicht
849 2774 918 2808 sel-

172 2819 236 2853 ten
259 2818 325 2862 ist,
351 2831 379 2854 z.
406 2819 445 2853 B.
470 2819 536 2863 25,
557 2824 619 2865 34,
644 2825 661 2854 7
689 2821 766 2855 dux
791 2825 919 2856 cautus

173 2868 206 2899 et
224 2866 404 2909 providus
429 2866 561 2911 Scipio.

221 2912 491 2959 adfinitatibus]
543 2915 658 2949 durch
711 2915 918 2949 verwandt-

990 1553 1211 1587 schaftliche
1220 1553 1497 1598 Beziehungen,
1513 1553 1737 1598 coynationi-

991 1601 1056 1635 bus
1099 1600 1213 1634 durch
1265 1601 1512 1645 gemeinsame
1560 1600 1738 1634 Abstam-

988 1659 1112 1692 mung.
1164 1648 1269 1682 Nach
1302 1647 1368 1690 23,
1395 1651 1434 1692 4,
1463 1652 1481 1682 7
1514 1658 1591 1682 war
1623 1647 1737 1681 schon

990 1693 1061 1729 seit
1085 1695 1180 1730 alter
1209 1694 1289 1729 Zeit
1314 1695 1374 1729 ein
1405 1694 1737 1729 verwandtschaft-

989 1741 1106 1776 liches
1140 1741 1357 1776 Verh'altnis
1396 1741 1577 1776 zwischen
1614 1741 1737 1776 vielen

989 1789 1226 1823 Vornchmen
1248 1789 1362 1823 Roms
1389 1789 1465 1823 und
1485 1788 1631 1833 Capuas
1659 1791 1737 1823 ent—

992 1836 1157 1870 standen.
1204 1836 1264 1878 31,
1292 1840 1348 1879 31,
1377 1841 1418 1870 11
1452 1835 1564 1870 heisst
1591 1835 1736 1880 Capua:

990 1884 1129 1925 foedere
1171 1885 1360 1927 primum,
1409 1883 1538 1918 deinde
1583 1883 1737 1918 conubio

991 1934 1096 1974 atque
1121 1930 1415 1975 cognationibus,
1449 1933 1624 1976 postremo
1650 1930 1737 1964 civi—

991 1980 1063 2011 tate
1087 1978 1326 2021 (coniuncta).

1038 2040 1068 2069 4.
1121 2036 1359 2080 disceptatum
1402 2036 1452 2081 fi]
1504 2035 1738 2071 technischer

990 2082 1185 2117 Ausdmck
1240 2083 1299 2117 fur
1353 2082 1590 2118 richterliche
1645 2083 1737 2117 Ent-

991 2129 1196 2174 scheidung
1238 2131 1314 2164 und
1358 2129 1602 2175 gerichtliche
1645 2129 1737 2164 Ver-

989 2177 1199 2221 handlung,
1230 2177 1328 2211 hier:
1363 2177 1637 2220 ‘verbandeln',
1676 2176 1737 2221 37,

991 2226 1053 2267 55,
1085 2227 1107 2258 4
1139 2225 1338 2268 disceptare
1370 2235 1424 2259 res
1455 2226 1567 2259 Asiae
1600 2241 1643 2252 =
1676 2234 1737 2268 ge-

990 2270 1164 2306 richtlich
1190 2271 1339 2306 ordnen.

1038 2334 1070 2364 5.
1097 2340 1161 2365 'nec
1176 2350 1218 2355 —-
1234 2330 1312 2375 uec]
1340 2330 1406 2364 das
1427 2331 1520 2364 erste
1543 2341 1607 2365 'nec
1633 2329 1738 2364 dient

990 2376 1158 2422 zugleich
1191 2389 1253 2411 zur
1284 2377 1537 2421 Fortfi‘ihrung
1570 2377 1634 2412 des
1667 2377 1737 2412 Ge—

992 2423 1157 2459 dankens
1181 2424 1270 2458 ‘und
1291 2425 1386 2459 auch
1408 2424 1528 2459 weder
1545 2445 1589 2449 —
1604 2424 1735 2467 noch'3

991 2471 1098 2505 daffir
1118 2473 1220 2505 sonst
1246 2474 1277 2505 et
1304 2482 1365 2506 nec
1383 2492 1418 2495 ——
1440 2482 1510 2506 nec.
1544 2471 1604 2515 29,
1619 2474 1675 2514 24,
1693 2474 1736 2505 10

992 2529 1071 2552 cum
1096 2518 1314 2563 Lilybaeum
1345 2519 1579 2560 convenisset,
1611 2521 1643 2552 et
1673 2528 1737 2553 uec

992 2565 1078 2600 urbs
1092 2585 1134 2590 -—
1150 2577 1212 2599 nec
1235 2570 1366 2609 portus
1391 2568 1532 2610 caperet
1555 2566 1736 2608 (multitu-

992 2612 1135 2654 dinem).

1040 2670 1182 2712 differri
1209 2670 1430 2716 Campanos]
1457 2670 1532 2714 vgl.
1559 2681 1588 2704 c.
1611 2674 1666 2712 51,
1692 2673 1735 2704 10

989 2717 1128 2759 partim
1138 2717 1282 2750 distulit
1294 2717 1412 2751 Tarra
1417 2727 1545 2751 comm.
1561 2716 1597 2749 ‘J
1602 2716 1735 2751 emand

992 2762 1198 2805 hinhalten,
1225 2762 1291 2796 auf
1307 2763 1366 2797 ein
1385 2763 1540 2797 anderes
1554 2763 1630 2797 Mal
1654 2774 1735 2797 ver-

991 2809 1161 2843 trbsten'.
1200 2808 1259 2851 25,
1287 2813 1342 2851 25,
1369 2814 1402 2844 4.

1041 2871 1071 2902 6.
1100 2867 1156 2901 M.
1184 2867 1324 2902 Atilius
1355 2867 1532 2913 Reyulus]
1568 2868 1627 2903 die
1653 2880 1734 2904 vor-

992 2914 1256 2959 geschriebene
1283 2915 1458 2959 Umfrage
1492 2915 1554 2951 des
1583 2916 1735 2951 Senates
