1963 3308
158 1028 201 1058 10

160 1206 201 1236 11

161 1441 204 1472 12

164 1679 207 1710 13

224 144 310 185 104
736 143 881 178 LIBER
903 142 1034 178 XXVI.
1085 143 1186 178 CAP.
1213 146 1268 178 49.

1619 159 1646 176 a.
1668 158 1696 176 u.
1717 152 1780 179 544,

225 253 402 307 pionum
436 266 507 293 sex
539 251 675 305 milia,
712 250 927 292 minorum
960 250 1103 291 decem
1135 252 1178 291 et
1208 250 1293 291 tria
1323 249 1459 291 milia:
1498 249 1603 291 adeo
1635 250 1779 291 nullus

225 310 457 352 mentiendi
482 309 631 351 modus
659 311 734 351 est.
778 324 831 351 ne
857 309 908 350 de
935 307 1110 350 ducibus
1138 308 1307 361 quidem
1334 308 1540 349 convenit.
1587 308 1777 362 plerique

223 370 415 412 Laelium
446 367 681 423 praefuisse
714 368 859 422 classi,
892 369 992 408 sunt
1023 367 1096 422 qui
1127 366 1182 408 M.
1202 366 1368 408 Iunium
1394 364 1585 407 Silanum
1616 367 1777 421 dicant3

224 428 387 470 Arinen
417 426 653 482 praefuisse
672 426 833 468 Punico
864 426 1075 481 praesidio
1105 425 1378 480 deditumque
1398 425 1602 466 Romanis
1622 425 1777 467 Antias

225 486 440 540 Valerius,
482 485 711 541 Magonem
750 486 823 527 alii
868 486 1097 539 scriptores
1134 485 1321 526 tradunt.
1381 499 1469 525 non
1513 483 1562 524 de
1602 498 1779 526 numero

224 546 398 588 navium
437 548 678 600 captarum,
714 560 802 586 non
840 544 891 586 de
928 544 1114 599 pondere
1147 543 1238 585 auri
1276 546 1401 598 atque
1441 543 1608 597 argenti
1639 545 1681 584 et
1714 558 1780 584 re-

228 605 376 647 dactae
419 605 624 659 pecuniae
669 604 879 646 convenit.
953 603 989 645 si
1034 603 1188 657 aliquis
1234 601 1439 643 adsentiri
1488 615 1659 642 necesse
1702 604 1779 652 est,

226 663 365 705 media
396 663 614 705 simillima
640 663 751 704 veris
778 665 888 705 sunt.
941 664 1126 704 ceterum
1152 661 1315 703 vocatis
1343 660 1562 702 obsidibus
1594 660 1780 714 primum

227 723 448 764 universos
484 723 644 764 bonum
683 722 870 763 animum
907 721 1063 762 habere
1100 721 1243 762 iussit:
1281 720 1450 761 venisse
1483 719 1595 760 enim
1627 733 1698 760 eos
1736 719 1781 759 in

226 782 375 837 populi
407 781 589 823 Romani
621 782 898 834 potestatem,
936 781 1006 834 qui
1043 780 1246 821 beneficio
1283 794 1409 834 quam
1442 780 1557 819 metu
1589 777 1781 832 obligare

227 841 422 883 homines
443 840 564 881 malit
584 842 830 894 exterasque
857 846 1006 894 gentes
1032 839 1113 879 fide
1135 853 1184 880 ac
1205 839 1408 880 societate
1431 838 1598 878 iunctas
1623 836 1784 878 habere

229 914 356 955 quam
387 899 502 940 tristi
536 898 747 939 subiectas
776 898 963 939 servitio.
1014 897 1163 938 deinde
1196 897 1380 951 acceptis
1411 895 1657 938 nominibus
1684 895 1782 936 civi-

228 958 383 1000 tatium
410 958 621 999 recensuit
646 957 858 1012 captivos,
891 957 996 1011 quot
1021 956 1223 1010 cuiusque
1249 956 1398 1010 populi
1425 957 1583 1008 essent,
1613 956 1655 995 et
1678 969 1785 995 nun-

228 1018 312 1060 tios
345 1017 517 1058 domum
549 1015 686 1070 misit,
717 1018 766 1057 ut
797 1016 849 1057 ad
882 1031 981 1057 suos
1014 1015 1188 1070 quisque
1221 1014 1486 1069 recipiendos
1517 1013 1692 1055 veniret.
1746 1012 1782 1054 si

229 1091 409 1132 quarum
446 1075 556 1117 forte
590 1075 827 1116 civitatium
865 1075 997 1129 legati
1031 1074 1226 1127 aderant,
1265 1073 1324 1115 eis
1356 1072 1651 1127 praesentibus
1684 1086 1785 1114 suos

229 1135 435 1189 restituit,
487 1137 724 1176 ceterorum
769 1149 913 1175 curam
956 1133 1140 1188 benigne
1184 1132 1439 1173 tuendorum
1485 1129 1530 1173 C.
1573 1130 1788 1172 Flaminio

231 1194 447 1249 quaestori
480 1193 689 1235 attribuit.
747 1194 858 1234 inter
888 1192 993 1234 haec
1025 1207 1046 1233 e
1079 1191 1218 1234 media
1249 1192 1375 1233 turba
1407 1190 1604 1232 obsidum
1636 1189 1787 1230 mulier

229 1267 387 1308 magno
431 1255 553 1306 natu,
596 1251 818 1294 Mandonii
861 1267 984 1304 uxor,
1030 1252 1102 1307 qui
1146 1251 1277 1292 frater
1321 1250 1515 1291 Indibilis
1553 1248 1788 1303 Ilergetum

229 1313 367 1368 reguli
399 1314 508 1366 erat,
548 1311 654 1352 flens
689 1311 741 1352 ad
773 1311 899 1365 pedes
932 1310 1202 1365 imperatoris
1234 1309 1464 1364 procubuit
1496 1307 1787 1360 obtestarique

231 1372 388 1426 coepit,
428 1374 476 1412 ut
513 1385 658 1412 curam
696 1371 940 1424 cultumque
977 1369 1232 1411 feminarum
1274 1368 1507 1422 impensius
1539 1365 1790 1408 custodibus

232 1430 557 1472 commendaret.
614 1444 708 1471 cum
736 1428 877 1483 Scipio
904 1429 1011 1470 nihil
1044 1428 1284 1469 defuturum
1310 1428 1362 1468 iis
1394 1426 1585 1481 profecto
1618 1425 1791 1478 diceret,

230 1491 323 1530 tum
360 1504 508 1530 rursus
546 1489 711 1529 mulier:
757 1488 885 1529 ‘haud
922 1488 1069 1543 magni
1113 1488 1198 1529 ista
1234 1485 1429 1528 facimus'
1468 1485 1624 1539 inquit3
1670 1483 1786 1538 ‘quid

235 1549 348 1590 enim
373 1548 471 1590 huic
497 1548 696 1589 fortunae
722 1562 810 1588 non
837 1548 941 1588 satis
968 1546 1062 1588 est‘?
1097 1547 1180 1588 alia
1205 1560 1272 1587 me
1299 1560 1399 1586 cura
1425 1546 1611 1585 aetatem
1635 1543 1789 1584 harum

233 1608 471 1649 intuentem
496 1631 544 1636 —
569 1621 668 1648 nam
700 1607 794 1660 ipsa
824 1607 910 1648 iam
944 1608 1061 1647 extra
1092 1604 1325 1660 periculum
1357 1603 1535 1645 iniuriae
1567 1601 1788 1643 muliebris

235 1682 329 1709 sum
363 1692 416 1696 —
451 1665 671 1707 stimulat’.
729 1668 771 1706 et
803 1668 942 1707 aetate
975 1668 1017 1706 et
1053 1665 1191 1707 forma
1221 1663 1422 1705 florentes
1455 1662 1566 1703 circa
1598 1675 1691 1702 eam
1721 1660 1792 1701 In-

233 1782 412 1825 citierter,
447 1784 611 1827 spaterer
636 1781 817 1823 Annalist,
847 1781 912 1815 der
936 1780 975 1815 in

233 1829 517 1864 fibertriebenen
566 1829 877 1874 Zahlenangaben
922 1839 974 1863 er-

234 1876 459 1912 staunliches
479 1876 636 1911 leistete.

281 1925 396 1959 decem
415 1927 447 1958 et
466 1925 541 1958 tria
557 1924 618 1968 m.]
636 1923 708 1968 vgl.
721 1927 816 1966 (147,
828 1927 846 1957 7
862 1923 976 1957 decem

232 1974 265 2006 et
297 1975 372 2006 octo
403 1983 446 2005 m.
486 1970 555 2005 Die
587 1971 787 2015 Trennung
822 1969 886 2004 der
918 1983 976 2004 zu-

233 2019 588 2063 sammengesetzten
624 2017 762 2052 Zahlen
800 2018 976 2059 tredecim,

233 2066 519 2110 quattuordecim
547 2065 693 2099 erlaubt
713 2065 791 2099 sich
811 2064 888 2099 Liv.
912 2064 976 2099 oft.

233 2113 295 2157 28,
322 2116 377 2155 38,
405 2118 424 2147 5
445 2113 559 2147 decem
579 2116 750 2156 quattuor
769 2112 882 2146 milia.
916 2111 975 2155 29,

235 2164 268 2204 2,
296 2164 337 2194 17
365 2160 480 2194 decem
504 2160 578 2193 tria
602 2160 716 2193 milia.

283 2221 315 2252 5.
342 2217 505 2262 Arinen]
540 2217 614 2252 Der
638 2217 756 2252 Name
782 2216 894 2251 heisst
918 2217 978 2251 bei

237 2264 348 2299 Silius
374 2264 541 2299 Italicus:
567 2265 667 2299 Aris.

285 2312 421 2346 Antias
453 2311 642 2357 Valerius]
677 2311 837 2346 dieselbe
863 2310 978 2354 Folge

237 2358 302 2392 der
334 2359 478 2393 Namen
515 2359 610 2394 noch
647 2358 707 2401 30,
742 2362 775 2401 3,
808 2362 840 2401 6,
879 2359 980 2392 sonst

239 2407 332 2440 stets
359 2405 527 2440 Valerius
553 2405 691 2441 Antias.
736 2405 803 2449 25,
830 2408 891 2448 39,
926 2408 978 2439 14.

238 2452 299 2496 30,
328 2456 382 2496 19,
412 2457 451 2486 11
479 2465 512 2487 u.
540 2456 597 2497 29,
624 2457 655 2488 7.

289 2516 319 2546 7.
345 2512 466 2555 iussit]
490 2512 581 2546 fiber
600 2511 657 2545 die
679 2511 898 2555 Erg'anzung
917 2510 980 2544 des

239 2558 436 2603 SubJ'ektes
450 2558 583 2603 Scipio.
601 2570 630 2593 0.
643 2562 698 2602 46,
713 2561 732 2592 8
745 2569 824 2592 eum
837 2558 979 2592 videret.

287 2621 318 2652 8.
347 2618 513 2660 beneficio
535 2629 642 2661 quam
662 2620 756 2652 metu
776 2616 900 2662 obli9.]
922 2616 981 2650 ein

238 2677 310 2700 von
349 2664 418 2698 den
451 2665 609 2699 Romern
641 2675 731 2709 gern
762 2676 825 2698 zur
861 2663 982 2698 Schau

241 2713 460 2757 getragener
492 2711 707 2746 Grundsatz.
746 2711 811 2754 22,
849 2714 910 2753 22,
939 2714 982 2744 14

240 2760 366 2794 habita
385 2760 471 2802 fides
488 2760 604 2801 ipsam
618 2759 828 2803 plerumque
847 2758 983 2802 obliyat

241 2807 365 2849 fidem;
391 2818 453 2840 zur
477 2806 676 2851 Wendung
702 2817 731 2840 c.
758 2809 814 2849 41,
840 2808 871 2838 4.

290 2869 321 2899 9.
347 2866 499 2908 acceptis
518 2875 610 2900 nom.
631 2864 848 2909 civitatium]
870 2864 982 2907 accip.

241 2922 354 2946 nom:
393 2911 751 2956 entgegennehmen,
790 2910 867 2946 sich
904 2921 983 2945 vor-

1046 1782 1178 1825 tragen
1210 1780 1346 1822 lassen3
1383 1778 1514 1812 anders
1541 1789 1570 1812 0.
1598 1781 1654 1819 36,
1682 1780 1722 1810 11
1754 1788 1788 1810 11.

1048 1828 1108 1872 27,
1130 1831 1161 1871 6,
1183 1831 1202 1861 5
1230 1827 1342 1870 accip.
1369 1837 1512 1860 nomen.-
1537 1824 1590 1859 als
1615 1823 1726 1868 giltig
1751 1822 1790 1857 in

1050 1875 1129 1909 eine
1156 1874 1257 1908 Liste
1285 1874 1486 1918 eintragen.

1098 1926 1151 1956 11.
1172 1922 1300 1956 mulier
1313 1931 1442 1965 mayno
1455 1919 1563 1964 natu]
1582 1918 1687 1953 Nach
1703 1917 1787 1952 dem

1050 1968 1329 2004 Ciceronischen
1373 1977 1526 2012 magnus
1566 1970 1658 2000 natio
1693 1967 1795 1999 ware

1048 2028 1193 2061 mayna,
1218 2016 1370 2060 grandis
1389 2018 1493 2056 natu,
1517 2013 1679 2048 maxima
1700 2015 1794 2046 natu

1050 2076 1091 2097 zu
1118 2065 1315 2105 erwarten3
1349 2062 1445 2096 doch
1470 2062 1536 2095 hat
1560 2060 1641 2094 Liv.
1667 2059 1792 2094 diesen

1049 2110 1201 2145 Ablativ
1233 2110 1297 2144 der
1323 2107 1564 2153 Eigenschaft
1589 2107 1698 2149 ofter,
1727 2106 1792 2140 be—

1050 2157 1200 2192 sonders
1219 2157 1256 2191 in
1277 2156 1427 2191 Dekade
1450 2159 1488 2197 13
1512 2154 1550 2188 in
1569 2153 1634 2188 der
1654 2153 1792 2187 dritten

1050 2204 1110 2247 21,
1138 2209 1193 2247 34,
1220 2207 1239 2237 2
1266 2214 1396 2247 mayno
1421 2205 1513 2236 natu
1533 2201 1730 2245 principes.

1099 2251 1258 2296 reyulus]
1296 2250 1365 2284 mit
1403 2249 1540 2283 diesem
1579 2246 1792 2282 Deminutiv

1050 2309 1123 2333 von
1152 2309 1217 2333 rex
1249 2297 1461 2331 bezeichnet
1495 2294 1573 2330 Liv.
1607 2294 1791 2329 entweder

1052 2345 1159 2380 einen
1184 2344 1437 2389 Konigssohn,
1470 2343 1558 2377 oder
1588 2342 1695 2376 einen
1720 2352 1797 2376 von

1052 2392 1145 2426 Rom
1171 2392 1276 2426 nicht
1302 2391 1556 2425 anerkannten
1578 2389 1794 2423 kleinstaat-

1052 2439 1174 2474 lichen
1214 2439 1413 2473 Herrscher
1456 2436 1555 2472 eines
1592 2436 1797 2470 Barbaren·

1052 2486 1190 2521 volkes.
1221 2485 1281 2526 30,
1301 2490 1358 2526 36,
1378 2488 1398 2519 8
1424 2485 1569 2529 reyulus
1590 2483 1704 2527 (Sohn
1730 2482 1799 2516 des.

1055 2533 1230 2578 Syphax).
1257 2533 1317 2575 21,
1344 2536 1376 2575 2,
1403 2536 1423 2566 5
1450 2544 1478 2567 0.
1505 2536 1562 2573 24,
1587 2535 1607 2565 3
1634 2533 1799 2565 oratores.

1055 2581 1103 2615 ad
1128 2581 1269 2624 φεραῖος
1289 2591 1408 2615 eornm
1433 2580 1540 2613 misit.

1101 2628 1336 2671 obtestarique
1356 2626 1486 2671 eoepit]
1507 2625 1576 2659 wie
1596 2623 1655 2659 bei
1669 2622 1800 2657 Cicero

1056 2675 1158 2709 dient
1183 2676 1295 2719 coepit
1322 2675 1381 2708 bei
1402 2673 1478 2707 Liv.
1502 2672 1582 2706 hier
1601 2670 1675 2705 und
1695 2669 1796 2703 sonst

1055 2722 1109 2757 oft
1142 2734 1208 2756 nur
1238 2733 1300 2755 zur
1331 2720 1585 2763 Bezeichnung
1617 2717 1681 2752 des
1709 2716 1794 2750 Ein-

1054 2769 1157 2804 tritts
1184 2769 1248 2803 der
1267 2767 1476 2811 Handlung.
1516 2765 1600 2809 Vgl.
1623 2775 1652 2798 c.
1668 2767 1723 2806 50,
1740 2767 1794 2797 11.

1106 2820 1157 2852 12.
1191 2816 1352 2850 iniuriae
1388 2811 1592 2857 muliebris]
1634 2811 1795 2846 muliebr.

1057 2862 1207 2897 vertritt
1231 2862 1302 2896 den
1327 2860 1478 2905 genitiv.
1506 2858 1676 2893 obiectiv.

1104 2908 1280 2954 stimulat]
1298 2908 1371 2943 ‘die
1382 2907 1495 2952 Sorge
1506 2905 1593 2941 lasst
1607 2905 1676 2940 mir
1688 2905 1801 2940 keine
