1963 3308
642 214 934 251 KRITISCHER
960 213 1177 250 ANHANG.
1289 207 1294 214 '
1612 214 1694 255 115

229 325 292 366 40,
324 326 345 357 6
371 326 565 367 propterea
595 322 796 368 postremo]
834 324 1010 366 postremo
1041 321 1136 356 nach
1163 321 1268 366 jsing.
1302 320 1456 356 Hdschr.
1489 321 1695 366 [propter]

133 373 309 414 postremo
335 370 436 405 st.
466 373 566 404 1871.

227 417 277 452 ib.
305 421 324 452 7
350 417 446 462 quod
471 418 574 461 lonye
598 417 704 452 aliter
728 416 840 461 venit]
868 416 982 451 evenit
1006 415 1103 450 nach
1129 425 1159 453 ς.

229 464 277 499 11).
307 467 350 498 10
375 463 470 510 visa]
497 465 576 498 visa
600 467 686 499 esset
711 463 805 498 nach
831 463 904 498 Md.
932 474 1000 498 em.
1028 462 1107 498 Liv.
1134 474 1168 507 p.
1197 465 1275 498 388.

229 510 278 546 ib.
307 515 349 546 17
376 511 484 546 mioeti
508 522 551 546 eoe
576 511 674 546 omni
699 511 896 546 colluvione
921 510 1075 551 exsules,
1107 510 1285 552 obaerati,
1313 510 1490 553 capitalia
1516 511 1599 544 ausi
1619 510 1695 554 ple-

131 559 236 603 rique
267 561 299 593 et
330 558 431 604 cum]
463 569 507 593 m.
535 569 561 592 e.
594 568 624 593 o.
654 558 869 600 colluvione,
902 556 1056 597 eaesuzes,
1088 556 1268 597 obaerati,
1301 566 1328 590 e.
1356 568 1389 591 a.
1420 557 1583 601 plerique
1613 567 1694 592 cum

202 617 284 695 fl,
311 656 330 686 2
357 651 629 696 superfuerunt]
657 650 924 694 superfuerant.
959 649 1100 693 Ussing]

231 703 358 742 41,17
385 709 484 733 nunc
508 699 642 733 eosdem
667 696 768 742 quia]
796 708 831 731 n.
859 707 885 731 e.
912 706 993 731 eum
1017 696 1113 730 nach
1141 706 1172 733 ς.

227 746 275 781 ib.
304 748 346 779 18
379 747 521 780 utinam
551 749 625 779 tam
654 745 732 778 sine
761 753 835 778 meo
867 744 967 778 luctu
998 754 1106 788 quam
1137 746 1251 778 vestro
1283 743 1515 789 transissent]
1550 745 1692 779 utinam

135 796 161 827 t.
186 803 212 827 s.
239 803 313 828 meo
338 794 438 827 luctu
462 803 568 836 quarn
594 793 614 811 ³·‘'
640 791 660 811 *
687 791 706 811 *
732 791 751 811 *

227 839 276 874 ib.
303 843 348 874 20
372 839 565 874 eaeercitum
589 839 629 872 in
654 839 816 873 diversas
840 838 1001 882 reqiones
1026 837 1243 883 distraaeere]
1270 849 1297 872 e.
1324 839 1348 872 i.
1375 838 1647 874 diversissimas.

227 887 275 921 ib.
297 890 339 920 21
360 885 446 927 Leo,
465 885 518 919 rh.
540 885 632 920 Mus.
653 885 692 920 B.
714 889 759 919 35
779 897 813 929 p.
828 888 1014 920 240-241
1036 884 1138 919 liest:
1168 886 1289 920 eadem
1314 886 1355 920 in
1380 886 1530 920 victores
1549 887 1692 931 inyruit

130 933 292 975 fortuna,
317 944 409 977 quae
427 943 544 976 nuper
562 943 627 967 nos
653 933 812 976 afflixit;
838 931 923 967 weil
943 932 1106 967 einzelne
1127 933 1227 967 codd.
1248 933 1345 967 viros
1368 933 1504 975 haben,
1529 933 1594 967 der
1613 933 1691 968 cod.

131 978 378 1014 Berolinensis
409 989 485 1021 eos,·
523 979 582 1014 die
613 979 742 1015 Lesart
779 979 844 1014 der
874 979 1049 1024 Ausgabe
1085 990 1158 1014 von
1193 982 1282 1013 1535
1321 980 1404 1014 illos
1442 980 1494 1015 sei
1528 979 1694 1015 offenbar

129 1025 338 1071 Konjektur
368 1026 432 1061 des
459 1025 648 1069 Gelenius,
684 1026 789 1061 11101113
820 1037 884 1061 aus
912 1025 946 1061 S.
974 1046 1018 1051 ——
1045 1025 1164 1061 Dabei
1195 1026 1378 1061 verkennt
1404 1038 1443 1062 er
1473 1027 1578 1069 aber,
1611 1027 1691 1062 dass

129 1072 190 1107 ein
215 1084 586 1118 vorausgegangenes
611 1074 760 1108 victores
785 1073 856 1108 den
877 1073 1084 1117 Gegensatz
1109 1073 1220 1108 victos
1244 1074 1529 1109 unentbehrlich
1555 1074 1692 1117 machis,

132 1121 224 1154 stati]
247 1131 323 1155 nos.

226 1167 275 1202 ib.
303 1171 347 1202 25
373 1168 422 1202 ad
446 1168 644 1212 exemplum
668 1177 872 1211 expressam
891 1167 1059 1213 effigiem]
1084 1168 1235 1212 effiyiem
1258 1168 1379 1203 Hertz.
1400 1169 1441 1203 L.
1462 1168 1565 1203 st.
1589 1171 1691 1203 1871.

225 1224 282 1264 42,
311 1225 327 1255 1
355 1221 561 1265 quinyentis
586 1220 781 1265 equitibus]
809 1224 841 1254 et
867 1222 1031 1255 trecentis
1053 1221 1161 1265 equit.
1197 1221 1299 1255 st.
1330 1224 1430 1256 1871.

225 1267 273 1301 ib.
301 1272 321 1302 5
347 1269 402 1302 ita
427 1278 570 1302 cursum
594 1267 790 1313 moderari]
819 1268 874 1302 ita
898 1268 1079 1302 moderari
1104 1278 1249 1303 cursum
1273 1267 1312 1301 L.

224 1317 266 1349 ut
290 1315 407 1349 eodem
432 1318 586 1359 tempore
610 1315 787 1349 exereitus
811 1315 1069 1360 ostenderetur]
1097 1326 1133 1349 u.
1160 1326 1186 1349 e.
1214 1318 1238 1349 t.
1265 1314 1387 1359 Scipio
1411 1315 1455 1349 ab
1476 1318 1575 1350 terra
1594 1326 1692 1350 eaeer-

129 1361 241 1395 eitum
267 1362 463 1396 ostenderet
486 1362 581 1396 nach
609 1361 643 1396 S.

224 1408 273 1443 ib.
295 1413 316 1443 6
335 1409 470 1444 vallum
489 1409 676 1454 obiectum]
698 1409 833 1453 duple-w
845 1409 981 1443 vallum
995 1409 1168 1444 obiectum
1183 1409 1279 1443 nach
1293 1409 1453 1444 Gronov.
1469 1409 1569 1444 st.
1589 1413 1690 1445 1871.

224 1454 274 1490 ib.
303 1460 321 1490 7
348 1459 499 1491 ceterum
523 1457 596 1490 sita
623 1455 803 1500 Oarthaqo
827 1457 880 1490 sie
904 1456 968 1501 est]
996 1457 1124 1491 etenim
1149 1467 1175 1490 s.
1205 1456 1242 1491 O.
1269 1467 1295 1491 s.
1323 1459 1372 1491 est
1396 1457 1493 1491 nach
1519 1456 1552 1492 S.

224 1502 271 1537 ib.
299 1505 319 1537 8
340 1503 567 1549 paullulum]
588 1503 747 1547 paulum
774 1502 807 1537 S.

224 1559 281 1599 43,
307 1559 327 1590 6
353 1559 541 1597 tormenta,
566 1559 802 1599 armamenta,
828 1555 946 1601 arma]
975 1559 1151 1591 tormenta
1177 1567 1292 1591 arma.
1343 1556 1446 1590 st.
1476 1560 1578 1591 1871.

223 1606 281 1645 44,
307 1606 326 1636 2
353 1602 502 1648 insedit]
529 1604 660 1638 insidit
683 1604 779 1638 nach
804 1603 879 1637 Md.
908 1602 1008 1637 st.
1038 1607 1138 1637 1871.

223 1649 271 1684 ib.
300 1653 320 1684 6
349 1650 592 1695 Mercurium]
622 1651 790 1685 Mercuri
815 1650 917 1685 st.
946 1654 1048 1686 1871.

223 1697 277 1730 ire
302 1697 351 1731 ad
375 1697 677 1743 oppitynandam]
705 1698 729 1731 z'.
756 1709 789 1732 a.
816 1698 1102 1742 oppugnandum
1129 1697 1168 1731 Ρ.
1196 1697 1300 1732 st.
1330 1701 1430 1732 1871.

223 1743 272 1778 ib.
302 1747 320 1778 7
346 1744 442 1788 quod
461 1744 680 1789 plurimum]
707 1745 871 1789 quodque
889 1745 1093 1789 plur-imum
1120 1743 1223 1779 st.
1253 1748 1354 1780 1871.

225 1790 275 1825 ib.
302 1794 322 1824 3
348 1790 476 1836 mittit]
503 1791 633 1826 emittit
657 1791 696 1825 L.

225 1847 280 1886 46,
309 1847 326 1877 1
354 1843 415 1877 sed
439 1844 534 1887 quod
559 1843 694 1895 euntes]
720 1854 746 1878 s.
768 1855 798 1888 q.
823 1847 961 1879 tuentes
990 1843 1148 1879 Gronov.
1175 1845 1286 1879 hostis
1306 1845 1346 1879 L.
1372 1844 1462 1879 Dass
1483 1843 1543 1879 ein
1562 1844 1692 1880 Nomi-

129 1890 251 1933 nabiv,
293 1889 357 1924 der
394 1890 454 1924 die
486 1889 721 1935 Verteidiger
759 1891 990 1935 bezeichnet,
1030 1891 1068 1926 in
1103 1891 1168 1926 der
1201 1891 1264 1926 La.
1299 1893 1417 1926 euntis
1449 1891 1514 1926 des
1546 1891 1584 1927 P.
1612 1894 1691 1927 ent-

130 1937 259 1972 halben
285 1937 364 1972 sein
390 1936 503 1981 muss,
535 1936 586 1972 ist
610 1937 710 1980 klar;
742 1938 837 1972 doeh
867 1939 979 1973 hostis
1003 1938 1053 1973 ish
1077 1949 1150 1973 von
1175 1939 1215 1973 L.
1243 1938 1464 1984 eingesetzt,
1491 1938 1586 1974 ohne
1612 1939 1693 1974 11111-

128 1983 327 2019 roichende
358 1965 716 2029 Beruck'sichtigung
747 1985 812 2019 der
842 1977 1138 2030 Uberlieferung.
1194 1989 1331 2021 tuentes
1369 1986 1418 2020 ist
1455 1986 1550 2020 auch
1588 1986 1693 2022 nicht:

132 2030 268 2073 sicher,
295 2030 486 2066 vielleicht
510 2031 705 2066 iacientis?
745 2031 999 2076 Vg1.31‚4s,
1028 2036 1070 2067 10
1095 2033 1288 2068 iaciebant.

223 2078 273 2113 ib.
300 2082 320 2112 5
346 2081 388 2112 ut
412 2089 512 2113 nemo
538 2079 583 2113 ab
616 2082 711 2123 ter-90
744 2083 827 2113 ante
855 2080 1015 2124 sentiret]
1049 2083 1090 2114 ut
1114 2091 1214 2114 nemo
1241 2081 1285 2115 ab
1312 2084 1408 2125 teryo
1435 2083 1518 2114 ante
1543 2081 1693 2116 senserit

129 2125 226 2159 nach
253 2124 288 2161 S.

224 2172 273 2206 ib.
302 2176 321 2207 7
347 2173 465 2207 media
491 2173 578 2207 urbe
603 2173 644 2207 in
669 2173 804 2218 forum]
832 2184 876 2207 m.
904 2185 940 2207 u.
966 2184 1077 2218 usque
1102 2175 1144 2208 in
1168 2174 1289 2216 forum
1317 2174 1448 2209 Luchs

224 2228 281 2267 47,
309 2229 327 2259 7
355 2225 468 2260 libras
492 2226 602 2268 ferme
626 2236 744 2260 omnes
763 2226 903 2271 pondo]
932 2227 1046 2261 librae
1071 2227 1097 2268 f.
1123 2237 1153 2262 o.
1176 2238 1214 2271 p.
1241 2227 1314 2262 Md.
1341 2240 1378 2272 p
1405 2230 1484 2263 389.

226 2272 274 2307 ib.
302 2274 445 2317 arqenti
468 2273 560 2315 facti
585 2273 805 2318 siynatique]
832 2274 960 2315 infecti
983 2274 1189 2327 siynatique
1214 2274 1373 2309 Gronov.
1400 2274 1503 2308 st
1532 2277 1633 2310 1871.

226 2318 275 2352 ib.
302 2323 322 2353 9
349 2330 391 2354 ae
415 2330 524 2354 naves
549 2320 752 2364 onerariae]
779 2331 851 2354 nai
855 2331 888 2355 es
913 2322 1104 2355 onerariae
1128 2321 1258 2356 Luchs.
1287 2341 1330 2347 —
1357 2321 1600 2367 empuynatae]
1629 2333 1689 2356 ex-

127 2368 316 2410 puynatae
341 2369 534 2410 captaeque
558 2366 598 2401 L.

201 2411 287 2492 hibS
309 2415 352 2446 10
383 2413 477 2447 inter
508 2416 632 2447 tantas
663 2424 743 2457 opes
776 2414 920 2449 bellicas
953 2413 1151 2460 Carthayo]
1178 2415 1202 2449 i.
1231 2418 1253 2450 t
1281 2425 1362 2459 opes
1390 2415 1474 2449 belli
1499 2418 1625 2459 captas
1653 2415 1689 2451 G.

129 2468 199 2493 nac

226 2509 281 2549 48,
309 2509 329 2539 9
358 2504 578 2551 Cornelium]
609 2506 652 2540 P.
681 2506 787 2541 Corn
814 2508 909 2542 nach
937 2508 970 2543 S

226 2555 347 2595 48,12
362 2563 430 2596 per
448 2562 566 2587 omnes
585 2553 666 2588 deos
685 2557 884 2598 apparatos
901 2555 1042 2601 iurare]
1058 2566 1099 2600 p.
1120 2565 1150 2590 ο.
1171 2556 1204 2590 d
1226 2566 1302 2599 par
1304 2559 1382 2590 atos
1400 2556 1526 2591 iurare
1543 2557 1638 2592 nach
1654 2557 1689 2592 S.

225 2600 273 2633 ib.
304 2603 346 2633 13
372 2599 458 2634 haec
481 2600 530 2634 ad
554 2610 633 2634 eum
658 2601 700 2634 de
724 2601 916 2646 sententia]
943 2603 1029 2636 haec
1052 2613 1088 2637 se
1113 2603 1162 2637 ad
1187 2613 1265 2637 eum
1290 2603 1324 2637 d.
1351 2612 1377 2638 s.
1405 2603 1444 2637 L.

226 2646 274 2681 ib.
300 2656 404 2690 seque
428 2656 484 2681 eos
508 2647 655 2681 virtutis
680 2657 792 2681 eausa
816 2648 967 2693 donare]
1001 2659 1104 2692 seque
1129 2659 1184 2683 eos
1210 2650 1332 2684 ambos
1356 2660 1387 2683 z.
1415 2660 1442 2683 e.
1469 2651 1502 2685 d.
1530 2651 1569 2684 L.

225 2693 274 2728 ib.
304 2696 347 2726 14
366 2704 417 2737 pr
419 2696 481 2727 out
505 2694 632 2737 cuique
655 2694 822 2727 meritum
847 2698 912 2728 aut
936 2695 1053 2729 virtus
1078 2695 1169 2739 erat]
1193 2699 1306 2739 prout
1330 2696 1501 2740 cuiusque
1524 2697 1690 2732 meritum

128 2739 314 2785 virtusque
339 2739 409 2774 mit
433 2740 554 2774 Luchs
579 2740 675 2774 nach
701 2750 734 2777 ς.

226 2791 282 2829 49,
310 2791 328 2821 1
355 2788 488 2831 quippe
512 2787 589 2840 ubi]
617 2788 749 2831 quippe
774 2798 853 2821 cum
879 2786 1009 2822 Luchs.

226 2834 274 2869 ib.
301 2837 322 2867 2
348 2834 529 2879 invenias]
557 2835 702 2868 invenio
727 2834 848 2868 Luchs
875 2834 970 2869 nach
996 2845 1028 2871 ς

226 2879 274 2913 11).
301 2884 321 2914 3
347 2882 530 2915 minorum
554 2881 670 2915 decem
695 2882 770 2915 tria
794 2880 914 2926 milia]
941 2892 985 2915 m.
1012 2882 1126 2916 decem
1151 2885 1184 2916 et
1208 2882 1283 2916 tria
1308 2893 1351 2917 m.
1379 2881 1418 2917 L.

226 2927 276 2961 ib.
303 2930 323 2961 8
348 2928 485 2962 venisse
509 2927 580 2973 eos]
608 2929 743 2962 venisse
767 2928 862 2962 enim
887 2938 944 2962 eos
967 2928 1006 2962 L.

228 2973 276 3007 ib.
306 2977 348 3007 12
374 2974 468 3008 nihil
492 2974 702 3017 defuturum
723 2975 898 3019 profecto]
925 2975 1018 3010 nihil
1043 2975 1254 3018 defuturum
1278 2975 1326 3010 iis
1346 2986 1406 3020 pr.
1434 2976 1468 3012 S.

1359 3033 1405 3068 8*
