1963 3308
214 152 269 194 56
675 153 820 189 LIBER
844 154 974 189 XXVI.
1026 154 1126 190 CAP.
1154 159 1209 190 26.
1237 158 1291 190 27.
1607 172 1634 190 a.
1654 172 1683 189 u.
1704 165 1766 191 543.

168 273 188 305 7
215 261 392 304 crimina
430 261 529 303 ficta
561 261 614 302 ab
652 261 839 302 inimicis
870 261 1070 315 vulgare,
1109 264 1175 311 ut,
1211 261 1257 302 m'
1297 261 1546 304 simularent
1582 262 1768 317 aliquem

216 321 295 363 sibi
325 321 523 362 timorem
557 319 733 361 absente
765 320 929 374 collega
960 319 1125 360 dicendi
1158 319 1207 360 de
1239 320 1411 361 consule
1443 334 1552 376 esse,
1583 322 1674 375 ipse
1708 322 1769 363 eis

215 379 427 433 extemplo
460 378 635 420 daturus
662 380 855 420 senatum
886 378 1027 420 fuerit.
1079 378 1153 420 ubi
1187 378 1357 433 quidem
1383 379 1546 435 collega
1570 381 1771 435 venisset,

213 452 300 480 non
331 452 559 492 passurum
591 437 818 492 quicquam
849 437 967 491 prius
997 438 1086 493 agi,
1117 452 1244 492 quam
1275 440 1324 478 ut
1344 436 1473 479 Siculi
1503 439 1548 480 in
1572 443 1768 481 senatum

169 508 188 540 8
214 496 551 538 introducantur.
614 496 816 538 dilectum
852 510 986 550 prope
1019 511 1044 537 a
1074 495 1130 537 M.
1164 495 1360 538 Cornelio
1391 510 1466 551 per
1497 499 1633 538 totam
1666 497 1769 540 Sici-

214 556 317 597 liam
341 555 548 609 habitum,
575 558 624 596 ut
644 570 771 609 quam
796 556 971 610 plurimi
997 558 1194 611 questum
1219 555 1268 596 de
1291 570 1334 597 se
1354 554 1536 597 Romam
1554 557 1768 611 venirent3

215 615 393 656 eundem
430 615 586 656 litteris
624 614 742 656 falsis
781 615 929 656 urbem
967 615 1167 668 implesse
1203 614 1363 656 bellum
1401 614 1446 655 in
1484 612 1629 656 Sicilia
1666 629 1773 669 esse,

168 686 187 717 9
214 677 263 716 ut
283 689 403 716 suam
422 673 591 715 laudem
611 674 788 714 minuat.
831 673 1040 715 moderati
1065 674 1194 714 animi
1222 674 1404 728 gloriam
1425 688 1473 715 eo
1500 673 1566 715 die
1593 673 1772 728 adeptus

218 734 363 775 consul
407 736 601 774 senatum
645 732 822 774 dimisit:
875 746 923 774 ae
965 747 1099 787 prope
1141 733 1354 774 iustitium
1399 732 1588 774 omnium
1630 746 1773 774 rerum

149 804 191 836 10
215 792 407 833 futurum
427 791 670 845 videbatur,
697 791 829 832 donec
851 791 958 832 alter
978 792 1124 833 consul
1145 792 1198 833 ad
1217 792 1365 833 urbem
1387 792 1587 833 venisset.
1626 792 1775 846 otium,

217 855 266 892 ut
291 851 417 904 solet,
450 851 652 892 excitavit
682 849 820 904 plebis
846 864 1056 891 rumores:
1089 850 1189 891 belli
1215 851 1540 892 diuturnitatem
1566 852 1607 891 et
1631 853 1774 892 vasta-

216 913 284 952 tos
311 923 439 965 agros
466 909 579 950 circa
609 909 776 962 urbem,
809 923 892 963 qua
923 908 1077 950 infesto
1111 910 1281 964 agmine
1312 910 1417 951 isset
1435 909 1672 963 Hannibal,
1705 924 1774 950 ex—

217 970 417 1011 haustam
449 968 672 1010 dilectibus
697 967 869 1009 Italiam
896 970 938 1009 et
968 982 1100 1022 prope
1133 968 1363 1023 quotannis
1389 983 1536 1010 caesos
1562 968 1775 1010 exercitus

149 1041 189 1071 11
218 1028 521 1084 querebantur,
554 1030 597 1068 et
621 1027 815 1069 consules
847 1026 1075 1068 bellicosos
1111 1027 1235 1068 ambo
1270 1027 1383 1068 viros
1415 1041 1614 1082 acresque
1645 1027 1775 1069 nimis

219 1090 263 1129 et
298 1087 461 1129 feroces
500 1088 683 1139 creatos,
722 1086 793 1140 qui
824 1085 891 1126 vel
923 1086 969 1127 in
999 1100 1104 1140 pace
1135 1086 1367 1140 tranquilla
1397 1086 1558 1127 bellum
1591 1087 1777 1128 excitare

217 1149 411 1202 possent,
442 1145 600 1187 nedum
631 1146 677 1186 in
709 1145 819 1186 bello
852 1145 1063 1199 respirare
1096 1145 1312 1186 civitatem
1344 1144 1485 1186 forent
1516 1145 1694 1199 passuri.

149 1207 202 1249 27
336 1204 572 1258 Interrupit
607 1204 688 1246 hos
726 1218 942 1245 sermones
981 1207 1123 1258 nocte,
1163 1218 1268 1258 quae
1306 1204 1442 1258 pridie
1482 1203 1777 1259 Quinquatrus

173 1277 192 1307 2
219 1265 318 1319 fuit,
346 1264 541 1319 pluribus
569 1264 695 1305 simul
721 1263 827 1305 locis
855 1263 964 1305 circa
989 1263 1130 1304 forum
1156 1263 1397 1304 incendium
1425 1266 1577 1305 ortum.
1627 1262 1776 1304 eodem

219 1327 411 1378 tempore
457 1325 620 1377 septem
664 1323 883 1377 tabernae,
934 1336 1040 1377 quae
1088 1325 1240 1376 postea
1284 1322 1488 1377 quinque,
1535 1325 1577 1363 et
1627 1335 1777 1377 argen-

269 1468 299 1498 7.
334 1464 373 1497 ni
408 1463 622 1497 simularent
648 1482 690 1487 —
717 1463 872 1496 daturus
902 1462 961 1504 fu-

1083 1466 1136 1495 11.
1164 1472 1330 1506 acresque
1351 1462 1460 1496 ‘nimis
1479 1465 1511 1496 et
1528 1461 1676 1507 feroces]
1696 1460 1777 1495 Liv.

221 1511 304 1557 erit]
326 1511 391 1545 der
409 1510 603 1555 Folgesatz
625 1509 690 1544 der
709 1509 866 1544 irrealen
886 1509 962 1552 Hy—

1034 1508 1230 1544 verbindet
1260 1508 1330 1543 mit
1361 1520 1426 1553 que
1453 1530 1494 1534 —
1523 1513 1555 1543 et
1580 1511 1682 1543 sonst
1709 1520 1780 1543 nm·

220 1558 387 1603 pothesis
416 1557 480 1592 der
504 1556 804 1610 Vergangenheit
827 1556 866 1590 in
890 1567 962 1590 von

221 1604 526 1650 Konjunktionen
546 1604 616 1638 mit
633 1604 715 1638 dem
732 1603 825 1648 Konj
831 1603 963 1638 unktiv

221 1651 459 1698 abh'angigen
479 1652 611 1686 S'atzen
637 1651 729 1685 wird
750 1616 843 1685 achh
865 1650 962 1684 dann

222 1700 337 1735 durch
364 1700 429 1734 das
449 1699 543 1733 Perf.
562 1698 764 1743 Konjunkt.
792 1698 856 1733 der
882 1708 964 1732 con-

222 1747 364 1792 iugatio
396 1746 669 1791 periphrastica
701 1745 961 1790 ausgedrfickt,

222 1805 331 1829 wenn
342 1794 407 1829 der
414 1793 645 1838 bedingende
656 1792 750 1836 Satz,
771 1792 836 1826 als
851 1803 903 1826 au
912 1803 929 1826 e
939 1792 963 1825 h

223 1842 294 1876 fiir
326 1841 397 1876 die
423 1840 692 1885 Gegenwart
716 1839 886 1885 gultig,
911 1839 963 1874 im

223 1888 372 1934 Imperf.
406 1888 520 1931 steht,
552 1888 625 1933 vgl.
654 1899 681 1922 c.
710 1891 771 1931 31,
800 1891 817 1921 1
845 1890 901 1930 ut,
933 1887 965 1920 si

224 1938 266 1972 de
291 1946 364 1971 meo
389 1936 539 1970 crimine
564 1935 812 1979 ambiqeretur,
842 1934 966 1968 consul

226 1985 390 2019 dicturus
416 1993 562 2017 causam
590 2010 737 2017 .....
765 1982 907 2024 fuerim.

273 2042 346 2066 non
373 2057 520 2065 .....
542 2031 651 2074 prius
688 2040 796 2074 quam
827 2028 883 2074 ut]
918 2028 967 2062 ist

225 2077 452 2112 konstruiert
481 2078 547 2111 wie
573 2076 966 2121 Vergleichungss'atze

225 2125 295 2159 mit
320 2126 463 2169 potius,
494 2125 602 2158 citius
632 2135 756 2168 quam,
785 2123 823 2157 in
849 2122 968 2157 denen

225 2172 302 2208 Liv.
337 2172 407 2205 den
440 2171 701 2216 verglichenen
733 2169 966 2221 Gegenstand

225 2217 490 2264 regelm'assig
481 2230 532 2252 1111
547 2217 777 2263 Konjunktiv
797 2215 867 2251 mit
881 2216 968 2277 oder

227 2267 321 2302 ohne
348 2270 388 2301 ut
413 2265 584 2300 einfsihrt.

275 2318 305 2348 9.
345 2314 526 2347 iustitium
550 2323 708 2347 ommam
734 2310 874 2355 rerum]
902 2309 966 2344 der

228 2359 603 2403 Gerichtsstillstand,
642 2360 706 2393 der
742 2358 782 2392 in
807 2357 967 2401 Kriegen

228 2408 315 2442 oder
326 2407 581 2442 Trauerfallen
596 2406 743 2449 eintrat,
757 2405 859 2440 dient
873 2404 967 2439 auch

229 2458 330 2490 sonst
354 2454 510 2489 bildlieh
537 2466 598 2488 zur
618 2452 875 2496 Bezeichnung
900 2451 967 2485 all-

228 2501 415 2547 gemeiner
449 2500 808 2544 Geschaftsstorung.
853 2508 968 2543 prope

228 2548 303 2584 und
341 2549 500 2583 omnium
532 2560 559 2582 r.
595 2547 871 2582 kennzeichnen
909 2544 968 2579 die

229 2596 471 2640 ubertragene
497 2594 716 2639 Bedeutung
743 2594 894 2637 7,1,4
920 2603 968 2626 sz-

229 2644 378 2678 lentium
415 2643 574 2677 omnium
599 2653 718 2677 rerum
756 2622 799 2676 ae
829 2640 969 2675 iustitio

228 2691 343 2726 simile
367 2690 479 2725 otium
503 2689 586 2732 fuit.

279 2742 332 2772 10.
359 2738 471 2772 otium
497 2736 683 2781 excitavit]
718 2736 777 2771 ein
802 2734 863 2770 bei
889 2734 967 2770 Liv.

231 2785 324 2819 oster
358 2783 701 2820 wiederkehrender
732 2782 908 2818 Gedanke
934 2781 969 2824 2,

231 2835 287 2874 28,
316 2835 335 2865 6
362 2833 434 2866 otio
460 2832 624 2866 lascivire
647 2831 791 2875 plebem.
829 2830 863 2871 3,
890 2833 922 2872 9,
951 2833 968 2862 1

231 2879 473 2922 secundaeque
509 2879 592 2913 belh·
622 2889 677 2913 res
708 2878 879 2921 extemplo
911 2886 970 2910 ur-

233 2925 344 2959 banos
368 2928 484 2960 motus
507 2926 762 2960 excitaverunt.

1036 1555 1274 1591 substantiva
1312 1555 1405 1600 (Cic.
1444 1568 1477 1592 u.
1514 1555 1614 1591 Caes.
1653 1555 1778 1600 nieht)

1037 1603 1125 1639 oder
1157 1614 1193 1638 es
1223 1602 1340 1638 bildet
1367 1603 1456 1647 (wie
1488 1602 1549 1638 bei
1575 1602 1716 1637 Sallust
1741 1614 1776 1638 u.

1037 1651 1168 1693 Tacit.)
1183 1650 1248 1685 das
1266 1653 1361 1685 erste
1376 1650 1483 1685 Glied
1497 1650 1556 1685 ein
1570 1651 1778 1685 Pronomen

1037 1698 1101 1741 25,
1143 1701 1203 1738 14,
1237 1701 1257 1732 5
1289 1701 1475 1732 execratus
1505 1697 1590 1732 inde
1619 1707 1722 1742 seque
1747 1699 1779 1731 et

1036 1746 1228 1786 cohortem,-
1254 1745 1342 1779 zwei
1366 1744 1489 1779 Verba
1512 1756 1581 1778 nur
1599 1743 1660 1788 41,
1680 1748 1735 1782 24.
1756 1747 1779 1777 2

1036 1794 1272 1836 temptarique
1289 1796 1322 1826 et
1341 1793 1569 1836 ορρῑιρνιανί,
1595 1790 1684 1826 zwei
1704 1791 1779 1825 Ad-

1031 1839 1178 1885 jektiva
1202 1851 1271 1874 nur
1295 1839 1393 1881 hier,
1421 1840 1555 1874 ebenso
1579 1837 1724 1873 Curtius
1743 1838 1780 1882 9,

1037 1892 1075 1924 3.
1108 1890 1152 1921 22
1191 1887 1440 1931 discordesque
1476 1889 1509 1921 et
1545 1889 1663 1921 vetera
1693 1886 1781 1921 odia

1037 1937 1272 1969 retractantes
1299 1933 1374 1968 und
1401 1934 1564 1978 Spatere.

1086 1981 1278 2027 respirare]
1299 1982 1369 2015 mit
1387 1980 1508 2016 einem
1527 1981 1622 2015 auch
1638 1979 1699 2015 bei
1711 1991 1782 2014 uns

1038 2029 1350 2072 gebrauchlichen
1386 2028 1508 2063 Bilde:
1552 2027 1779 2070 aufathmen,

1038 2075 1127 2110 Luft
1145 2075 1336 2120 schopfen3
1356 2075 1415 2118 ⁶27,
1438 2079 1494 2118 12,
1512 2079 1554 2109 12
1574 2085 1649 2109 non
1668 2075 1779 2118 respi-

1041 2135 1122 2158 rare
1130 2127 1195 2157 aut
1202 2123 1480 2166 circumspicere.
1499 2124 1611 2164 c.40,5
1619 2122 1780 2166 spatium

1040 2171 1176 2205 dedisse
1195 2171 1243 2204 ad
1262 2169 1526 2213 respirandum.
1558 2168 1627 2203 Die
1648 2167 1780 2211 Sache,

1040 2228 1112 2251 von
1145 2217 1209 2251 der
1239 2227 1326 2250 man
1358 2216 1436 2250 sich
1469 2215 1606 2260 erholt,
1637 2214 1706 2249 mit
1739 2226 1780 2249 a:

1042 2264 1075 2307 4,
1096 2268 1151 2306 25,
1174 2268 1217 2298 12
1245 2265 1278 2297 si
1296 2263 1396 2307 plebi
1415 2263 1596 2307 respirare
1616 2283 1658 2287 —
1680 2274 1702 2296 α
1717 2262 1781 2296 rni-

1039 2312 1097 2346 nis
1117 2331 1160 2336 —
1182 2311 1295 2345 liceat.

1085 2359 1203 2400 forent
1216 2357 1383 2402 passuri]
1405 2357 1479 2402 vgl.
1501 2367 1529 2392 c.
1554 2360 1607 2400 15,
1629 2361 1648 2391 3
1664 2356 1783 2399 forent

1040 2406 1170 2440 adiuti.

1088 2487 1117 2511 c.
1132 2475 1192 2518 27,
1209 2480 1238 2510 1.
1256 2478 1367 2517 nocte,
1386 2486 1476 2520 quae
1492 2475 1615 2519 pridie
1631 2474 1671 2520 Q.
1691 2473 1781 2520 fuit]

1043 2524 1095 2558 ‘in
1134 2523 1197 2557 der
1234 2523 1356 2557 Nacht
1397 2533 1470 2557 von
1507 2522 1592 2557 dem
1631 2522 1781 2556 voi-her-

1040 2570 1234 2616 gehenden
1248 2570 1349 2615 Tage
1369 2570 1435 2604 auf
1451 2570 1516 2603 das
1529 2569 1618 2604 Fest
1641 2569 1705 2603 der
1720 2567 1778 2610 Q?

1092 2628 1363 2673 Quinquatms]
1395 2627 1597 2670 Hauptfest
1621 2626 1685 2661 der
1709 2625 1780 2660 Mi-

1041 2686 1155 2710 nerva
1173 2676 1224 2710 im
1243 2675 1353 2717 Marz,
1376 2674 1461 2709 funf
1476 2673 1575 2718 Tage
1594 2674 1688 2708 nach
1710 2673 1782 2707 den

1042 2723 1129 2757 Iden
1155 2723 1273 2758 dieses
1298 2722 1443 2756 Monate
1466 2723 1509 2764 (o.
1530 2723 1586 2763 25,
1613 2724 1633 2755 5
1659 2720 1783 2755 idibus

1042 2770 1224 2813 Martiis);
1252 2769 1315 2803 der
1337 2773 1390 2803 19.
1414 2768 1512 2802 M'arz
1537 2767 1618 2812 galt
1637 2767 1691 2802 als
1717 2767 1782 2802 der

1043 2817 1266 2860 Geburtstag
1292 2816 1355 2849 der
1379 2815 1556 2849 Minerva.

1090 2879 1120 2909 2.
1135 2878 1262 2919 septem
1281 2873 1464 2919 tabernae]
1481 2873 1555 2918 vgl.
1570 2872 1629 2908 die
1645 2884 1673 2908 c.
1692 2878 1744 2916 11,
1759 2876 1780 2907 7

1043 2922 1256 2957 erw'ahnten
1284 2922 1462 2956 tabernae.
1514 2920 1604 2956 Eine
1631 2920 1782 2965 Gruppe
