1963 3308
736 172 882 206 LIBER
905 171 1035 206 XXVI.
1088 172 1189 207 CAP.
1216 175 1270 206 21.
1618 189 1644 207 a.
1671 190 1701 208 u.
1729 183 1791 209 543.

239 171 297 213 46

193 289 212 319 9
239 280 351 322 inter
375 280 536 333 primas
558 278 761 320 Graeciae
787 278 914 319 urbes
935 277 1170 332 Syracusae
1191 282 1366 320 ornatae
1390 278 1571 321 fuerant.
1608 280 1794 322 Punicae

242 352 408 393 quoque
434 338 635 379 victoriae
662 338 833 392 signum
860 339 957 378 octo
985 337 1101 378 ducti
1121 337 1351 391 elephanti.
1392 340 1435 379 et
1458 353 1543 380 non
1568 339 1792 381 minimum

239 398 356 438 fuere
389 397 677 450 spectaculum
711 410 807 437 cum
833 396 1002 437 coronis
1030 396 1168 437 aureis
1200 396 1500 450 praecedentes
1526 396 1643 439 Sosis
1665 397 1792 453 Syra-

171 465 212 495 10
240 470 421 497 cusanus
460 458 502 496 et
532 455 743 497 Moericus
774 454 1012 509 Hispanus,
1050 469 1230 509 quorum
1270 455 1404 497 altero
1443 455 1547 497 duce
1583 459 1793 499 nocturno

240 513 471 568 Syracusas
509 514 735 556 introitum
774 516 882 568 erat,
923 514 1031 555 alter
1062 512 1226 555 Nasum
1265 514 1460 569 quodque
1497 514 1557 555 ibi
1593 516 1794 569 praesidii

171 583 210 612 11
240 576 332 615 erat
362 573 619 628 prodiderat.
674 574 741 615 his
775 573 981 614 ambobus
1015 573 1164 615 civitas
1198 573 1297 614 data
1329 576 1371 614 et
1403 574 1617 628 quingena
1646 575 1795 630 iugera

240 633 349 688 agri,
387 631 528 674 Sosidi
565 633 609 673 in
641 647 744 688 agro
779 630 1066 687 Syracusano,
1105 632 1177 687 qui
1210 636 1284 674 aut
1321 632 1463 687 regius
1497 635 1570 674 aut
1606 632 1794 675 hostium

238 691 387 746 populi
418 690 603 733 Romani
634 691 802 745 fuisset,
844 693 886 732 et
918 691 1041 732 aedes
1075 689 1294 746 Syracusis
1329 692 1444 733 cuius
1477 692 1607 733 vellet
1638 706 1796 748 eorum,

169 759 210 790 12
238 751 281 791 in
320 765 424 805 quos
463 751 565 792 belli
601 750 692 792 iure
725 750 1068 791 animadversum
1106 752 1236 804 esset,
1274 750 1461 792 Moerico
1493 750 1797 806 Hispanisque,

239 810 310 863 qui
342 823 437 850 cum
471 823 519 850 eo
550 809 828 863 transierant,
867 809 969 850 urbs
1003 823 1186 864 agerque
1218 810 1263 850 in
1296 808 1440 851 Sicilia
1473 824 1522 851 ex
1557 810 1628 863 iis,
1667 810 1738 865 qui
1771 825 1796 852 a

170 877 210 908 13
237 869 394 922 populo
427 867 621 909 Romano
661 867 931 922 defecissent,
968 867 1083 909 iussa
1122 868 1224 909 dari.
1285 869 1328 909 id
1359 868 1414 909 M.
1447 867 1645 911 Cornelio
1677 884 1795 911 man-

239 927 384 968 datum
422 929 487 981 ut,
524 927 598 968 ubi
637 928 674 968 ei
713 927 941 980 videretur,
981 927 1130 967 urbem
1170 941 1403 982 agrumque
1445 928 1504 969 eis
1538 928 1796 983 adsignaret.

237 986 282 1026 in
321 985 468 1028 eodem
507 999 611 1041 agro
650 985 878 1041 Belligeni,
921 1000 996 1040 per
1039 1000 1163 1039 quem
1201 986 1368 1028 illectus
1406 986 1458 1027 ad
1495 987 1796 1028 transitionem

239 1044 450 1087 Moericus
485 1048 592 1097 erat,
625 1045 938 1100 quadringenta
969 1045 1117 1099 iugera
1150 1045 1241 1099 agri
1274 1044 1454 1088 decreta.

169 1113 211 1143 14
355 1104 459 1145 Post
496 1104 805 1158 profectionem
838 1118 887 1145 ex
921 1102 1066 1145 Sicilia
1096 1102 1286 1145 Marcelli
1318 1103 1479 1146 Punica
1516 1104 1664 1145 classis
1697 1106 1795 1146 octo

238 1163 358 1204 milia
383 1163 573 1217 peditum
582 1197 592 1218 ,
618 1163 702 1204 tria
726 1163 1010 1205 Numidarum
1037 1163 1227 1216 equitum
1254 1163 1460 1217 exposuit.
1511 1162 1563 1204 ad
1590 1177 1661 1204 eos
1681 1162 1796 1204 Mur·

237 1222 385 1277 gantia
424 1225 466 1264 et
503 1220 554 1246 '‘³''ss
595 1222 795 1263 defecere.
858 1224 1025 1263 secut-ae
1069 1221 1349 1264 defectionem
1388 1236 1533 1263 earum
1573 1221 1717 1276 Hybla
1753 1225 1796 1263 et

168 1290 209 1320 15
236 1281 415 1323 Macella
449 1284 491 1322 et
522 1281 802 1336 ignobiliores
840 1281 1045 1336 quaedam
1080 1281 1199 1322 aliae.
1257 1284 1298 1322 et
1328 1281 1539 1323 Numidae
1577 1280 1794 1335 praefecto

236 1339 420 1382 Muttine
447 1341 545 1395 vagi
570 1354 647 1395 per
672 1342 811 1382 totam
832 1339 1020 1382 Siciliam
1048 1340 1260 1382 sociorum
1286 1340 1434 1394 populi
1456 1340 1641 1382 Romani
1667 1353 1794 1395 agros

168 1408 209 1439 16
236 1399 428 1441 urebant.
493 1414 619 1453 super
655 1399 760 1441 haec
800 1400 1007 1441 exercitus
1039 1399 1257 1441 Romanus
1296 1400 1449 1453 iratus,
1485 1399 1644 1454 partim
1683 1398 1795 1454 quod

238 1473 332 1500 cum
364 1459 621 1513 imperatore
652 1472 739 1499 non
771 1459 970 1500 devectus
1004 1473 1053 1499 ex
1084 1459 1302 1513 provincia
1335 1461 1460 1510 esset,
1493 1459 1649 1512 partim
1682 1457 1795 1512 quod

236 1517 281 1558 in
322 1518 489 1572 oppidis
533 1517 760 1559 hibernare
799 1518 921 1559 vetiti
960 1520 1096 1571 erant,
1142 1518 1262 1572 segni
1299 1517 1590 1572 fungebantur
1627 1517 1796 1571 militia,

167 1585 209 1615 17
236 1577 457 1631 magisque
485 1577 545 1618 eis
579 1579 726 1618 auctor
753 1577 805 1617 ad
838 1577 1089 1618 seditionem
1123 1591 1249 1631 quam
1279 1576 1444 1618 animus
1477 1576 1633 1617 deerat.
1681 1576 1793 1617 inter

236 1635 314 1676 has
349 1635 621 1677 difficultates
652 1635 709 1676 M.
737 1633 957 1678 Cornelius
989 1638 1162 1690 praetor
1196 1638 1237 1676 et
1268 1635 1453 1677 militum
1486 1635 1650 1677 animos
1681 1648 1794 1676 nunc

237 1695 495 1737 consolando
533 1709 645 1736 nunc
677 1695 928 1750 castigando
969 1694 1132 1736 sedavit
1170 1697 1211 1735 et
1252 1694 1447 1736 civitates
1486 1709 1649 1748 omnes,
1687 1708 1793 1748 quae

1100 1811 1180 1855 aqrz'
1207 1827 1250 1839 =
1275 1810 1396 1852 Land3
1426 1811 1465 1844 in
1492 1820 1580 1855 affro
1601 1827 1644 1839 =
1664 1809 1704 1844 in
1728 1809 1793 1846 der

283 1812 376 1845 inter
391 1810 549 1856 primas]
574 1811 656 1846 ‘wie
678 1811 798 1855 wenig
814 1811 975 1846 andere.'

1051 1858 1270 1900 Feldmark,
1304 1857 1438 1893 ebenso
1465 1861 1484 1899 ξ
1514 1862 1554 1892 12
1582 1858 1668 1892 urbs
1693 1867 1791 1902 αρετ-

236 1858 309 1893 Der
327 1858 525 1893 Reichtum
551 1869 623 1893 von
649 1869 742 1903 ganz
763 1858 912 1893 Sicilien
933 1870 979 1893 an

235 1905 469 1940 Bildwerken
502 1905 595 1940 auch
627 1906 723 1940 noch
748 1905 786 1940 in
815 1908 979 1950 sp'aterer
1051 1917 1117 1950 que
1148 1922 1191 1934 =
1225 1905 1305 1940 eine
1345 1905 1453 1940 Stadt
1489 1904 1559 1939 mit
1591 1904 1690 1939 ihrer
1725 1904 1793 1939 Ge-

236 1952 315 1987 Zeit
339 1952 389 1987 ist
408 1963 472 1988 aus
500 1952 564 1987 der
590 1957 621 1987 4.
644 1952 744 1987 Rede
766 1953 829 1988 des
852 1952 977 1988 Cicero
1051 1953 1243 1997 markung.

235 2010 354 2044 gegen
373 2000 507 2034 Verres
527 2000 702 2035 bekannt.
716 2021 759 2025 —
776 2000 863 2034 Zum
884 2000 976 2035 Aus—
1101 2004 1153 2034 12.
1181 2011 1224 2034 er
1248 2000 1296 2034 iis
1316 2016 1359 2028 =
1387 2010 1429 2033 ea:
1454 2009 1573 2033 eorum
1599 1999 1710 2044 agris,
1729 1999 1794 2044 qui

235 2047 350 2081 druck
377 2048 470 2082 inter
496 2059 535 2091 p.
569 2047 779 2092 vergleiche
805 2047 871 2082 das
905 2049 978 2082 erst
1051 2047 1123 2092 vgl.
1152 2058 1180 2081 c.
1211 2052 1240 2090 1,
1270 2051 1322 2081 10.

235 2105 306 2129 von
331 2093 408 2128 Liv.
447 2094 677 2138 eingefi'ihrte
712 2095 807 2129 inter
840 2105 979 2139 paucos

235 2140 295 2185 22,
323 2145 353 2183 7,
383 2145 412 2176 1.
440 2140 499 2184 23,
526 2144 582 2185 44,
608 2145 641 2175 4.

283 2192 314 2223 9.
342 2199 423 2223 cum
448 2189 589 2223 coronis
615 2188 753 2234 aureis]
780 2188 893 2223 Beide
913 2188 976 2223 ha-

233 2236 305 2270 ben
345 2235 404 2270 die
437 2245 567 2270 corona
600 2236 754 2270 muralis
792 2236 976 2279 erhalten3

234 2282 303 2317 wie
342 2283 393 2317 sie
430 2282 592 2317 dieselbe
629 2282 799 2317 verdient
835 2283 976 2327 hatten,

233 2329 326 2364 wird
351 2329 401 2364 im
429 2330 675 2364 Relativsatze
703 2330 928 2375 angegeben.

283 2380 335 2411 10.
371 2377 509 2423 Nasos]
552 2377 719 2412 dorische
765 2377 792 2411 F
795 2387 872 2412 orm
919 2377 977 2411 fiir

233 2424 359 2469 νῆσος,
386 2423 581 2469 wichtiger
596 2423 773 2458 Stadtteil
784 2435 853 2458 von
870 2423 975 2468 Syra-

233 2471 312 2514 kus,
339 2471 471 2505 dessen
490 2470 696 2506 Einnahme
718 2471 777 2515 25,
805 2475 848 2506 30
863 2471 898 2506 ff.
921 2482 974 2506 er-

233 2518 333 2553 zahlt
358 2517 460 2552 wird.

282 2569 334 2599 11.
351 2566 498 2601 civitas.
564 2568 618 2600 ,εἰ
634 2566 816 2610 quingena
829 2565 972 2611 iugem]

233 2612 395 2647 namlich
435 2593 549 2647 durcli
581 2612 770 2656 Plebiscit,
812 2612 881 2647 wie
914 2613 972 2656 27,

233 2665 264 2704 5,
281 2665 310 2694 7.
341 2660 521 2694 Muttmes
540 2660 646 2694 etiam
667 2660 754 2694 cius
773 2659 820 2694 R.
841 2660 970 2703 factus,

232 2718 272 2742 ro
273 2708 418 2752 ι[οιΐιοήε
450 2707 493 2741 ab
519 2707 666 2741 tribuno
692 2707 811 2751 plebis
836 2718 878 2742 ex
907 2719 971 2742 au·

234 2756 397 2790 ctoritate
435 2758 586 2798 patrum
632 2755 679 2788 ad
714 2755 847 2798 plebem
888 2755 970 2790 Ζατο.

233 2802 305 2836 Das
340 2801 453 2836 ihnen
494 2801 717 2846 geschenkte
755 2800 972 2836 Ackermass

233 2848 281 2882 ist
312 2849 377 2882 das
415 2849 570 2883 hochste
602 2849 698 2883 nach
735 2848 818 2883 dem
852 2848 971 2882 licini-

233 2895 343 2929 schen
358 2894 489 2930 Gesetz
509 2895 711 2940 zulassige3
732 2895 810 2930 also
824 2895 972 2930 werden

234 2942 286 2976 sie
311 2941 451 2986 Bfirger
477 2944 592 2977 erster
617 2942 757 2977 Klasse.

1100 2098 1154 2128 14.
1181 2097 1265 2138 post
1295 2094 1553 2138 profectionem
1589 2103 1632 2126 ex
1657 2092 1790 2127 Sicilia

1054 2141 1239 2186 Marcelle]
1299 2139 1615 2184 Ungewohnliche
1664 2139 1791 2173 Wort-

1051 2188 1213 2233 stellung
1237 2187 1311 2232 vgl.
1339 2199 1367 2221 c.
1398 2191 1450 2229 13,
1476 2190 1492 2220 1
1521 2196 1715 2221 concursus
1741 2186 1790 2220 ad

1051 2236 1190 2269 curiam
1216 2234 1357 2279 populi.
1391 2233 1450 2276 29,
1478 2237 1510 2276 6,
1539 2237 1556 2267 1
1583 2236 1668 2277 post
1697 2233 1791 2268 redi·

1051 2286 1125 2316 tum
1158 2293 1200 2316 esc
1233 2282 1367 2325 Africa
1401 2280 1436 2315 G.
1470 2280 1601 2315 Laelii.
1651 2280 1692 2314 In
1724 2279 1790 2314 der

1049 2329 1165 2374 Regel
1190 2329 1347 2363 nehmen
1375 2327 1439 2363 der
1460 2327 1607 2362 Genitiv
1631 2327 1707 2361 und
1726 2326 1791 2362 das

1050 2375 1399 2410 Verbalsubstantiv
1447 2374 1505 2409 die
1555 2374 1789 2409 Ortsbestim-

1048 2435 1163 2467 mung
1193 2423 1230 2457 in
1257 2422 1314 2457 die
1341 2422 1448 2457 Mitte
1473 2422 1548 2467 vgl.
1576 2421 1636 2466 22,
1663 2425 1718 2466 61,
1746 2425 1788 2456 13

1049 2471 1207 2506 consulis
1232 2470 1383 2505 Romam
1411 2469 1594 2504 adventus.

1095 2517 1184 2563 tria]
1205 2517 1369 2552 n'amlich
1389 2518 1510 2560 milia3
1536 2516 1604 2551 wie
1625 2515 1702 2551 sich
1722 2526 1789 2550 aus

1048 2565 1131 2599 dem
1163 2566 1283 2599 ersten
1310 2563 1416 2599 Glied
1449 2564 1544 2598 ohne
1571 2562 1787 2606 Schwierig-

1046 2611 1125 2646 keit
1162 2612 1322 2657 ergiebt,
1354 2611 1429 2645 und
1461 2610 1577 2645 daher
1607 2609 1701 2643 auch
1733 2608 1788 2643 oft

1046 2659 1297 2705 weggelassen
1322 2658 1424 2693 wird.
1451 2657 1510 2699 21,
1533 2660 1586 2699 59,
1610 2659 1627 2689 1
1655 2656 1787 2690 duode-

1045 2707 1111 2741 cim
1131 2707 1235 2742 milia
1249 2706 1424 2750 peditum,
1443 2685 1599 2755 quinque
1618 2703 1784 2747 equitum.

1092 2758 1146 2788 16.
1173 2764 1280 2797 super
1298 2751 1398 2796 haec]
1415 2749 1654 2792 =uberdies;
1678 2760 1787 2794 super

1044 2801 1194 2835 vex-tritt
1233 2799 1293 2834 bei
1324 2798 1402 2832 Liv.
1441 2797 1546 2832 nicht
1577 2796 1694 2831 selten
1726 2795 1786 2831 die

1046 2846 1159 2881 Stelle
1195 2857 1265 2881 von
1292 2848 1448 2889 praeter,
1486 2843 1715 2879 namentlich
1747 2842 1786 2877 in

1043 2904 1173 2975 {upgru
1188 2896 1313 2974 cesteyg,
1351 2893 1437 2935 alia,
1476 2892 1570 2926 haec.
1620 2889 1785 2935 Vg1.30,
