1963 3308
142 153 171 172 a.
191 145 258 171 Chr.
280 152 308 169 n.
330 145 390 169 210.
418 139 420 141 ’

621 133 765 169 LIBER
791 133 921 168 XXVI.
972 133 1073 169 CAP.
1101 137 1156 169 38.
1179 138 1240 192 ¹39.

1654 134 1706 175 81

145 243 264 297 vicit,
307 244 356 283 ut
399 242 661 296 praesidium
700 242 908 284 Punicum
947 266 1001 271 —
1042 242 1264 297 quingenti
1308 244 1452 284 autem
1494 242 1709 285 Numidae

146 303 270 344 erant
291 324 341 330 —-
368 299 624 356 Salapiaque
655 301 898 343 traderetur
920 300 1138 343 Marcello.
1186 315 1264 343 nec
1291 301 1380 343 sine
1413 301 1541 343 caede
1573 301 1711 343 multa
1738 312 1780 342 12

145 359 259 402 tradi
297 359 452 414 potuit.

519 360 648 415 longe
689 360 916 402 fortissimi
953 360 1146 415 equitum
1190 362 1282 402 toto
1320 359 1483 403 Punico
1523 360 1711 402 exercitu

145 420 280 460 erant.
330 418 474 472 itaque
501 433 761 473 quamquam
785 418 1021 473 improvisa
1046 433 1115 461 res
1141 417 1239 469 fuit,
1270 433 1348 461 nec
1374 434 1476 461 usus
1503 433 1710 474 equorum

145 478 190 518 in
214 477 318 519 urbe
345 480 456 532 erat,
485 480 632 519 tamen
658 478 788 519 armis
815 478 927 518 inter
950 477 1183 518 tumultum
1209 478 1346 531 captis
1371 481 1415 519 et
1440 478 1710 533 eruptionem

143 538 478 590 temptaverunt,
505 539 547 578 et
573 551 668 578 cum
695 535 873 578 evadere
898 536 1137 589 nequirent,
1162 539 1404 590 pugnantes
1431 536 1485 578 ad
1510 537 1710 578 ultimum
1738 548 1780 578 13

145 595 447 649 occubuerunt,
471 609 549 636 nec
567 595 664 648 plus
691 594 1004 648 quinquaginta
1024 607 1075 634 ex
1094 594 1145 635 iis
1166 594 1212 634 in
1236 597 1500 648 potestatem
1518 595 1709 637 hostium

142 654 232 695 vivi
273 656 495 695 venerunt.

143 712 305 754 amissa
349 711 588 753 Hannibali
632 725 759 765 quam
804 709 977 765 Salapia
1027 709 1127 764 fuit3
1177 725 1257 753 nec
1307 711 1460 754 deinde
1505 727 1709 767 umquam

144 771 333 825 Poenus,
365 785 447 824 quo
480 770 607 825 longe
638 769 872 824 plurimum
902 770 1116 824 valuerat,
1155 771 1349 825 equitatu
1381 772 1576 825 superior
1613 771 1708 813 fuit.

262 830 344 872 Per
369 829 482 870 idem
508 831 676 883 tempus
704 843 800 870 cum
825 829 870 870 in
896 843 991 870 arce
1013 828 1248 871 Tarentina
1273 830 1345 871 vix
1369 830 1518 885 inopia
1550 830 1708 873 tolera-
1722 830 1777 872 39

142 889 243 930 bilis
275 889 409 942 esset,
446 902 567 941 spem
599 902 771 929 omnem
802 887 1064 942 praesidium
1096 888 1209 942 quod
1246 889 1306 930 ibi
1338 892 1432 931 erat
1462 889 1708 931 Romanum

143 946 468 1002 praefectusque
499 946 707 1000 praesidii
738 949 867 1001 atque
901 947 1011 988 arcis
1042 946 1099 988 M.
1130 946 1278 989 Livius
1319 948 1366 989 in
1397 949 1707 990 commeatibus

142 1006 197 1047 ab
219 1004 364 1048 Sicilia
389 1005 535 1047 missis
567 1005 806 1060 habebant,
837 1005 910 1060 qui
936 1008 983 1047 ut
1008 1008 1104 1049 tuto
1132 1006 1563 1060 praeterveherentur
1589 1022 1709 1049 oram

142 1063 313 1119 Italiae,
357 1064 506 1106 classis
545 1064 699 1119 viginti
736 1064 868 1106 ferme
905 1065 1082 1107 navium
1119 1065 1247 1119 Regii
1285 1066 1442 1108 stabat.

1508 1068 1710 1121 praeerat

142 1123 274 1166 classi
317 1123 710 1178 commeatibusque
751 1123 805 1166 D.
843 1122 1086 1177 Quinctius,
1138 1123 1320 1166 obscuro
1371 1139 1524 1180 genere
1575 1127 1709 1180 ortus,

143 1185 331 1224 ceterum
363 1182 509 1223 multis
547 1182 732 1224 fortibus
770 1182 897 1224 factis
930 1182 1112 1224 militari
1142 1183 1283 1238 gloria
1313 1184 1505 1226 illustris.

1566 1185 1706 1239 primo

142 1241 332 1296 quinque
363 1255 512 1295 naves,
545 1256 726 1296 quarum
757 1242 969 1283 maximae
1001 1241 1109 1283 duae
1141 1243 1356 1297 triremes,
1387 1258 1413 1284 a
1437 1242 1643 1285 Marcello
1670 1244 1709 1285 ei

140 1300 326 1342 traditae
358 1303 480 1342 erant
511 1298 718 1355 (habuit);
750 1302 903 1355 postea
928 1315 1019 1342 rem
1050 1300 1233 1356 impigre
1259 1316 1387 1356 saepe
1420 1302 1589 1357 gerenti
1620 1305 1708 1344 tres

144 1359 314 1400 additae
347 1359 689 1413 quinqueremes3
722 1362 941 1414 postremo
974 1360 1066 1413 ipse
1099 1374 1124 1401 a
1156 1360 1283 1402 sociis
1311 1360 1576 1417 Reginisque
1609 1365 1652 1402 et
1683 1375 1708 1402 a

188 1487 380 1529 fortissimi
422 1487 580 1532 equitum
629 1489 700 1522 toto
746 1486 888 1521 Punico

140 1534 323 1580 eaeercitu]
368 1533 433 1568 der
475 1534 627 1568 Ablativ
673 1533 889 1568 bezeichnet

142 1579 214 1615 den
260 1580 423 1626 Umfang
473 1581 536 1616 des
581 1581 771 1625 Gebietes,
823 1592 887 1615 aus

141 1627 323 1663 welchem
384 1628 444 1662 die
505 1629 637 1672 equites
695 1629 889 1673 hervorge-

142 1674 266 1710 hoben
305 1675 468 1717 werden;
507 1675 567 1710 bei
601 1674 679 1710 Liv.
718 1675 889 1710 ziemlich

139 1721 208 1757 oft.
258 1722 324 1766 28,
357 1725 419 1765 35,
457 1726 498 1756 12
544 1725 655 1766 caput
691 1733 812 1757 rerum
848 1723 889 1756 in

142 1770 243 1804 omni
273 1770 429 1804 hostium
460 1770 631 1813 equitatu.
683 1769 743 1813 37,
777 1773 833 1812 29,
867 1773 886 1804 9

145 1815 248 1860 lonye
267 1817 427 1850 omnium
447 1817 650 1851 celerrimae
672 1819 747 1851 tota
767 1817 887 1852 classe.

141 1861 184 1905 3,
212 1865 273 1906 25,
301 1866 320 1897 5
354 1863 456 1908 lonye
475 1864 650 1907 princeps
674 1864 715 1898 in
741 1864 888 1908 Aequis.

190 1910 388 1954 improvisa
410 1921 465 1945 res
489 1910 577 1955 fuit]
607 1922 650 1945 es
675 1910 763 1945 kam
781 1922 889 1945 uner-

143 1958 293 1999 wartet3
323 1968 351 1991 c.
381 1961 436 1999 13,
463 1961 493 1992 9.
527 1957 586 2002 25,
608 1961 663 2000 37,
687 1961 728 1992 12
755 1958 887 2002 impro—

142 2004 222 2038 visa
246 2014 302 2038 res
329 2016 361 2039 u.
388 2016 413 2038 s.
442 2017 484 2038 w.

195 2054 248 2086 13.
261 2055 467 2095 puynantes
483 2052 532 2086 ad
554 2051 733 2096 ultimum]
755 2051 804 2086 ad
823 2052 886 2086 ult.

142 2097 494 2140 adverbie11;aueh
529 2099 578 2133 ad
608 2102 802 2133 emtoemum
827 2099 889 2141 23,

143 2148 176 2186 2,
209 2148 232 2179 4
265 2146 314 2180 ad
344 2149 487 2180 eastwem.
514 2146 683 2189 perditus
713 2157 743 2180 c,
777 2149 834 2190 20,
868 2151 888 2181 6

139 2192 212 2235 fide
243 2193 292 2227 ad
326 2192 492 2226 altimum
524 2193 674 2236 eaepleta.
715 2204 743 2226 c.
778 2196 834 2235 30,
868 2197 887 2227 9

142 2239 185 2274 in
212 2239 282 2281 fide
307 2240 355 2274 ad
380 2240 549 2274 ultzmum
574 2250 744 2275 mansere

194 2290 247 2321 14.
269 2287 381 2332 lonye
390 2287 593 2330 plurimmn
616 2286 798 2332 valuerat]
826 2286 888 2321 ob·

143 2333 244 2367 wohl
268 2333 332 2368 Hs
358 2333 647 2378 Uberlegenheit
678 2346 761 2368 zum
787 2334 888 2368 weit-

143 2390 210 2413 aus
235 2379 401 2424 grossten
426 2380 528 2415 Teile
554 2380 619 2415 auf
640 2380 803 2415 Reiterei
829 2381 889 2416 be-

146 2426 271 2468 ruhte,
298 2426 389 2461 hebt
411 2427 488 2461 dies
508 2427 587 2461 Liv.
608 2428 809 2472 eigentlich
828 2429 888 2462 nie

144 2473 413 2516 entsprechend
445 2473 595 2518 hervor3
628 2486 696 2508 nur
727 2475 787 2509 bei
818 2474 888 2509 Be-

145 2519 236 2564 ginn
264 2520 328 2554 des
355 2520 508 2564 Krieges
541 2520 606 2562 21,
633 2525 695 2563 47,
725 2527 740 2555 1
773 2526 888 2565 (proe-

144 2567 251 2610 lium)
287 2577 356 2610 quo
393 2568 501 2609 facile
535 2570 727 2611 apparuit,
766 2570 887 2612 equi-

143 2617 244 2649 tatu
268 2615 487 2648 meliorem
516 2614 706 2649 Poenum
731 2626 827 2649 esse.

191 2660 603 2696 c.39.Seesch1aeh†
620 2672 696 2695 vor
711 2661 887 2696 Tar-ent.

196 2712 225 2742 1.
245 2709 308 2750 vim
327 2709 456 2751 inopia
481 2708 693 2753 tolerabilis]
714 2709 778 2742 vix
797 2708 889 2742 wird

143 2754 260 2789 durch
287 2754 639 2800 Zwischenstellung
664 2766 736 2790 von
761 2756 889 2799 inopia

145 2812 219 2836 von
255 2801 393 2837 seinem
430 2802 672 2846 Adjektivum
716 2803 890 2846 getrennt

146 2847 221 2881 und
258 2849 423 2883 dadurch
460 2849 645 2893 gehoben:
693 2849 730 2891 7,
767 2852 828 2892 38,
867 2853 886 2883 2

143 2904 257 2938 ‘neque
282 2896 335 2930 ita
359 2896 413 2931 rei
436 2900 552 2941 qestae
576 2896 686 2939 fama.

217 2959 276 2984 Tit.
296 2959 363 2985 Liv.
402 2961 435 2984 B.
456 2962 499 2986 26.

1010 1491 1042 1523 2.
1075 1488 1120 1522 ab
1153 1487 1302 1522 Sicilia:
1341 1488 1400 1523 die
1432 1489 1614 1534 Praposit.
1646 1489 1708 1524 be-

962 1534 1129 1569 zeichnet
1155 1534 1215 1569 die
1235 1535 1435 1581 Richtung,
1462 1547 1533 1570 von
1559 1536 1624 1571 der
1650 1536 1708 1572 die

963 1581 1186 1626 Sendungen
1210 1582 1463 1618 herkommen.

1008 1641 1144 1686 stabat]
1173 1657 1217 1670 =
1243 1642 1285 1675 in
1314 1643 1470 1677 statione
1500 1646 1597 1684 erat‚·
1635 1654 1709 1677 von

961 1687 1111 1722 Flotten
1136 1688 1339 1723 mehrfach.
1388 1689 1448 1732 21,
1476 1692 1532 1733 51,
1560 1693 1580 1724 3
1606 1690 1709 1732 fama

962 1738 1051 1776 erat,
1093 1738 1190 1769 stare
1233 1736 1285 1770 ibi
1325 1736 1506 1771 Punicam
1551 1738 1706 1772 classem.

962 1781 1023 1824 22,
1051 1786 1104 1825 19,
1133 1786 1152 1817 5
1180 1795 1214 1817 u.
1241 1787 1296 1825 56,
1326 1788 1355 1818 7.

1010 1844 1042 1875 3.
1067 1841 1191 1875 multis
1222 1841 1247 1883 f.
1275 1841 1384 1883 factis
1408 1843 1527 1886 {floria
1553 1854 1597 1876 m.
1624 1843 1707 1878 illu-

961 1887 1063 1932 stris]
1088 1887 1232 1931 ‘wegen
1250 1888 1366 1923 vieler
1385 1889 1548 1933 tapferer
1562 1889 1708 1924 Thaten

961 1934 1079 1968 durch
1109 1935 1352 1979 Kriegsruhm
1390 1936 1706 1981 hervorragend’3

962 1981 1021 2015 die
1052 1982 1136 2024 fort.
1163 1982 1249 2024 fact.
1283 1981 1364 2016 sind
1393 1982 1460 2018 der
1486 1982 1613 2018 Grund
1645 1984 1709 2019 des

961 2028 1134 2063 Ruhmes.

1010 2090 1042 2121 5.
1063 2089 1139 2131 ipse
1165 2088 1352 2132 exiyendo]
1381 2088 1433 2122 Zu
1453 2088 1537 2123 dem
1555 2089 1707 2125 Ablativ

963 2133 1026 2168 des
1053 2134 1300 2169 Gerundiums
1326 2135 1411 2170 tritt
1436 2136 1497 2170 bei
1517 2136 1595 2170 Liv.
1622 2136 1708 2171 wie-

962 2181 1109 2216 derholt
1146 2182 1204 2216 die
1236 2193 1323 2217 vom
1349 2182 1551 2218 Gedanken
1589 2183 1708 2228 gefor-

962 2228 1081 2271 derte,
1109 2228 1197 2263 aber
1222 2240 1288 2263 vor
1305 2229 1384 2265 Liv.
1410 2230 1470 2265 nie
1497 2231 1708 2275 sprachlich

961 2275 1233 2320 ausgedriickte
1251 2276 1509 2321 Bezeichnung
1529 2277 1592 2312 des
1616 2278 1707 2313 han-

962 2322 1120 2357 delnden
1153 2322 1350 2367 Subjektes
1387 2324 1439 2358 im
1470 2324 1706 2367 Nominativ;

962 2369 1042 2404 eine
1083 2369 1207 2404 kt'ihne
1246 2370 1446 2415 Neuerung
1484 2372 1709 2407 entstanden

961 2428 1026 2451 aus
1058 2417 1142 2451 dem
1170 2417 1373 2451 Bestreben
1400 2418 1481 2453 eine
1507 2418 1707 2464 Wendung

962 2464 1031 2498 wie
1057 2464 1106 2510 τῷ
1133 2460 1249 2504 αὐτὸς
1274 2469 1398 2499 ποιεῖν
1424 2465 1706 2501 nachzubilden.

961 2510 1134 2546 Indessen
1182 2510 1408 2546 beschr‘ankt
1460 2512 1537 2547 sich
1587 2512 1708 2548 dieser

962 2556 1157 2592 Gebrauch
1189 2557 1256 2592 auf
1283 2559 1448 2603 quisque,
1486 2560 1579 2602 ipse,
1610 2560 1707 2594 solus

961 2605 1035 2638 und
1063 2604 1225 2639 einzelne
1245 2605 1472 2641 Zahlwo'rter
1497 2606 1636 2676 25ὀ23,
1664 2610 1704 2640 11

960 2651 1251 2695 aestimandoque
1275 2652 1352 2696 ipse
1375 2663 1501 2688 seeum.
1603 2656 1658 2695 38,
1686 2658 1705 2688 6

959 2698 1240 2741 instiyandoque
1288 2709 1371 2733 suos
1422 2700 1496 2743 ipse
1540 2676 1703 2743 popuios.

961 2742 1021 2787 24,
1049 2748 1080 2787 5,
1109 2748 1127 2777 9
1161 2745 1335 2779 tendendo
1366 2746 1438 2779 duo
1471 2746 1519 2780 ad
1553 2744 1704 2781 Cartha-

960 2791 1148 2835 ginienses.

1011 2861 1034 2884 a
1058 2850 1164 2884 sociis
1189 2849 1409 2894 Reqinisque
1433 2854 1465 2885 et
1490 2863 1514 2885 a
1548 2851 1649 2886 Velia
1674 2856 1707 2887 et

962 2907 984 2930 α
1019 2896 1163 2941 Paesto]
1198 2896 1258 2930 die
1289 2896 1544 2941 griechischen
1575 2898 1706 2934 Stadte

1400 2960 1421 2991 6

559 654 740 707 plusque
785 652 1007 706 aliquanto
1059 651 1203 693 damni
1253 652 1359 695 haec
1402 654 1472 695 ala
1516 655 1709 708 equitum
1738 665 1781 695 14

1736 1018 1755 1048 2

1735 1078 1755 1107 3

1734 1194 1756 1225 4
