<?xml version="1.0" encoding="UTF-8"?>
<!DOCTYPE html PUBLIC "-//W3C//DTD XHTML 1.0 Transitional//EN"
    "http://www.w3.org/TR/xhtml1/DTD/xhtml1-transitional.dtd">
<html xmlns="http://www.w3.org/1999/xhtml" xml:lang="en" lang="en">
 <head>
  <title>
</title>
<meta http-equiv="Content-Type" content="text/html;charset=utf-8" />
  <meta name='ocr-system' content='tesseract 3.04.00' />
  <meta name='ocr-capabilities' content='ocr_page ocr_carea ocr_par ocr_line ocrx_word'/>
</head>
<body>
  <div class='ocr_page' id='page_1' title='image "./aburbeconditalib26livyuoft_0081.png"; bbox 0 0 1963 3308; ppageno 0'>
   <div class='ocr_carea' id='block_1_1' title="bbox 166 159 407 188">
    <p class='ocr_par' dir='ltr' id='par_1_1' title="bbox 166 159 407 188">
     <span class='ocr_line' id='line_1_1' title="bbox 166 159 407 188; baseline -0.012 -1"><span class='ocrx_word' id='word_1_1' title='bbox 166 168 190 188; x_wconf 80' lang='lat' dir='ltr'>a.</span> <span class='ocrx_word' id='word_1_2' title='bbox 212 160 278 187; x_wconf 84' lang='lat' dir='ltr'>Chr.</span> <span class='ocrx_word' id='word_1_3' title='bbox 297 167 324 185; x_wconf 88' lang='lat' dir='ltr'>n.</span> <span class='ocrx_word' id='word_1_4' title='bbox 345 159 407 185; x_wconf 81' lang='lat'><strong>210.</strong></span> 
     </span>
    </p>
   </div>
   <div class='ocr_carea' id='block_1_2' title="bbox 634 145 1716 187">
    <p class='ocr_par' dir='ltr' id='par_1_2' title="bbox 634 145 1716 187">
     <span class='ocr_line' id='line_1_2' title="bbox 634 145 1716 187; baseline -0.004 -3"><span class='ocrx_word' id='word_1_5' title='bbox 634 148 778 184; x_wconf 84' lang='lat' dir='ltr'><strong>LIBER</strong></span> <span class='ocrx_word' id='word_1_6' title='bbox 803 148 933 184; x_wconf 84' lang='lat' dir='ltr'><strong>XXVI.</strong></span> <span class='ocrx_word' id='word_1_7' title='bbox 984 147 1086 183; x_wconf 86' lang='lat' dir='ltr'><strong>CAP.</strong></span> <span class='ocrx_word' id='word_1_8' title='bbox 1113 151 1168 183; x_wconf 87' lang='lat'>28.</span> <span class='ocrx_word' id='word_1_9' title='bbox 1196 150 1252 182; x_wconf 84' lang='lat'>29.</span> <span class='ocrx_word' id='word_1_10' title='bbox 1663 145 1716 187; x_wconf 85' lang='lat'>61</span> 
     </span>
    </p>
   </div>
   <div class='ocr_carea' id='block_1_3' title="bbox 167 254 1722 371">
    <p class='ocr_par' dir='ltr' id='par_1_3' title="bbox 167 254 1721 371">
     <span class='ocr_line' id='line_1_3' title="bbox 170 254 1721 311; baseline -0.005 -10"><span class='ocrx_word' id='word_1_11' title='bbox 170 258 360 302; x_wconf 85' lang='lat' dir='ltr'>Siciliam</span> <span class='ocrx_word' id='word_1_12' title='bbox 379 256 623 300; x_wconf 86' lang='lat' dir='ltr'>Cannenses</span> <span class='ocrx_word' id='word_1_13' title='bbox 650 258 810 299; x_wconf 89' lang='lat' dir='ltr'>milites</span> <span class='ocrx_word' id='word_1_14' title='bbox 843 257 932 299; x_wconf 85' lang='lat' dir='ltr'>dati</span> <span class='ocrx_word' id='word_1_15' title='bbox 964 257 1144 298; x_wconf 87' lang='lat' dir='ltr'>duarum</span> <span class='ocrx_word' id='word_1_16' title='bbox 1174 256 1312 298; x_wconf 89' lang='lat' dir='ltr'>instar</span> <span class='ocrx_word' id='word_1_17' title='bbox 1342 255 1573 311; x_wconf 85' lang='lat' dir='ltr'>legionum.</span> <span class='ocrx_word' id='word_1_18' title='bbox 1621 254 1721 295; x_wconf 86' lang='lat' dir='ltr'>toti-</span> 
     </span>
     <span class='ocr_line' id='line_1_4' title="bbox 167 313 1722 371; baseline -0.003 -12"><span class='ocrx_word' id='word_1_19' title='bbox 167 319 264 360; x_wconf 99' lang='lat' dir='ltr'>dem</span> <span class='ocrx_word' id='word_1_20' title='bbox 295 317 486 371; x_wconf 83' lang='lat' dir='ltr'>legiones</span> <span class='ocrx_word' id='word_1_21' title='bbox 512 317 557 358; x_wconf 90' lang='lat' dir='ltr'>in</span> <span class='ocrx_word' id='word_1_22' title='bbox 578 315 818 358; x_wconf 84' lang='lat' dir='ltr'>Sardiniam</span> <span class='ocrx_word' id='word_1_23' title='bbox 838 316 883 358; x_wconf 90' lang='lat' dir='ltr'>P.</span> <span class='ocrx_word' id='word_1_24' title='bbox 902 315 1063 358; x_wconf 89' lang='lat' dir='ltr'>Manlio</span> <span class='ocrx_word' id='word_1_25' title='bbox 1087 314 1270 358; x_wconf 83' lang='lat' dir='ltr'>Vulsoni</span> <span class='ocrx_word' id='word_1_26' title='bbox 1300 314 1490 369; x_wconf 88' lang='lat' dir='ltr'>praetori</span> <span class='ocrx_word' id='word_1_27' title='bbox 1515 313 1722 367; x_wconf 78' lang='lat' dir='ltr'><strong>decretae,</strong></span> 
     </span>
    </p>
   </div>
   <div class='ocr_carea' id='block_1_4' title="bbox 166 372 1791 441">
    <p class='ocr_par' dir='ltr' id='par_1_4' title="bbox 166 372 1791 441">
     <span class='ocr_line' id='line_1_5' title="bbox 166 372 1791 441; baseline -0.003 -23"><span class='ocrx_word' id='word_1_28' title='bbox 166 377 321 432; x_wconf 90' lang='lat' dir='ltr'>quibus</span> <span class='ocrx_word' id='word_1_29' title='bbox 345 375 390 418; x_wconf 92' lang='lat' dir='ltr'>L.</span> <span class='ocrx_word' id='word_1_30' title='bbox 410 375 632 418; x_wconf 86' lang='lat' dir='ltr'>Cornelius</span> <span class='ocrx_word' id='word_1_31' title='bbox 665 376 711 417; x_wconf 88' lang='lat' dir='ltr'>in</span> <span class='ocrx_word' id='word_1_32' title='bbox 735 375 882 417; x_wconf 89' lang='lat' dir='ltr'>eadem</span> <span class='ocrx_word' id='word_1_33' title='bbox 913 375 1133 430; x_wconf 88' lang='lat' dir='ltr'>provincia</span> <span class='ocrx_word' id='word_1_34' title='bbox 1147 375 1301 441; x_wconf 84' lang='lat' dir='ltr'>priore</span> <span class='ocrx_word' id='word_1_35' title='bbox 1328 388 1441 416; x_wconf 88' lang='lat' dir='ltr'>anno</span> <span class='ocrx_word' id='word_1_36' title='bbox 1467 372 1721 428; x_wconf 71' lang='lat' dir='ltr'><strong>praefuerat.</strong></span> <span class='ocrx_word' id='word_1_37' title='bbox 1750 383 1791 414; x_wconf 90' lang='grc'>12</span> 
     </span>
    </p>
   </div>
   <div class='ocr_carea' id='block_1_5' title="bbox 164 432 1722 502">
    <p class='ocr_par' dir='ltr' id='par_1_5' title="bbox 164 432 1722 502">
     <span class='ocr_line' id='line_1_6' title="bbox 164 432 1722 502; baseline -0.003 -25"><span class='ocrx_word' id='word_1_38' title='bbox 164 436 352 478; x_wconf 87' lang='lat' dir='ltr'>urbanas</span> <span class='ocrx_word' id='word_1_39' title='bbox 384 435 575 502; x_wconf 82' lang='lat' dir='ltr'>legiones</span> <span class='ocrx_word' id='word_1_40' title='bbox 607 435 670 476; x_wconf 84' lang='lat' dir='ltr'>ita</span> <span class='ocrx_word' id='word_1_41' title='bbox 701 435 885 476; x_wconf 89' lang='lat' dir='ltr'>scribere</span> <span class='ocrx_word' id='word_1_42' title='bbox 918 434 1112 476; x_wconf 90' lang='lat' dir='ltr'>consules</span> <span class='ocrx_word' id='word_1_43' title='bbox 1143 434 1266 483; x_wconf 85' lang='lat' dir='ltr'>iussi,</span> <span class='ocrx_word' id='word_1_44' title='bbox 1298 448 1351 475; x_wconf 89' lang='lat' dir='ltr'>ne</span> <span class='ocrx_word' id='word_1_45' title='bbox 1384 447 1508 487; x_wconf 92' lang='lat' dir='ltr'>quem</span> <span class='ocrx_word' id='word_1_46' title='bbox 1539 432 1722 474; x_wconf 89' lang='lat' dir='ltr'>militem</span> 
     </span>
    </p>
   </div>
   <div class='ocr_carea' id='block_1_6' title="bbox 163 491 1792 549">
    <p class='ocr_par' dir='ltr' id='par_1_6' title="bbox 163 491 1792 549">
     <span class='ocr_line' id='line_1_7' title="bbox 163 491 1792 549; baseline -0.002 -12"><span class='ocrx_word' id='word_1_47' title='bbox 163 495 372 548; x_wconf 86' lang='lat' dir='ltr'>facerent,</span> <span class='ocrx_word' id='word_1_48' title='bbox 405 495 476 549; x_wconf 90' lang='lat' dir='ltr'>qui</span> <span class='ocrx_word' id='word_1_49' title='bbox 508 495 552 536; x_wconf 90' lang='lat' dir='ltr'>in</span> <span class='ocrx_word' id='word_1_50' title='bbox 583 494 770 536; x_wconf 82' lang='lat' dir='ltr'>exercitu</span> <span class='ocrx_word' id='word_1_51' title='bbox 789 493 846 535; x_wconf 89' lang='grc' dir='ltr'>Μ.</span> <span class='ocrx_word' id='word_1_52' title='bbox 865 492 1034 535; x_wconf 82' lang='lat' dir='ltr'>Claudii</span> <span class='ocrx_word' id='word_1_53' title='bbox 1059 492 1115 533; x_wconf 90' lang='lat' dir='ltr'>M.</span> <span class='ocrx_word' id='word_1_54' title='bbox 1135 491 1300 533; x_wconf 90' lang='lat' dir='ltr'>Valerii</span> <span class='ocrx_word' id='word_1_55' title='bbox 1321 491 1369 541; x_wconf 85' lang='lat' dir='ltr'><strong>Q.</strong></span> <span class='ocrx_word' id='word_1_56' title='bbox 1388 491 1528 532; x_wconf 84' lang='lat' dir='ltr'>Fulvii</span> <span class='ocrx_word' id='word_1_57' title='bbox 1558 491 1722 545; x_wconf 86' lang='lat' dir='ltr'>fuisset,</span> <span class='ocrx_word' id='word_1_58' title='bbox 1750 502 1792 534; x_wconf 88' lang='lat'>13</span> 
     </span>
    </p>
   </div>
   <div class='ocr_carea' id='block_1_7' title="bbox 163 549 1721 608">
    <p class='ocr_par' dir='ltr' id='par_1_7' title="bbox 163 549 1721 608">
     <span class='ocr_line' id='line_1_8' title="bbox 163 549 1721 608; baseline -0.003 -12"><span class='ocrx_word' id='word_1_59' title='bbox 163 568 271 596; x_wconf 83' lang='lat' dir='ltr'>neve</span> <span class='ocrx_word' id='word_1_60' title='bbox 309 568 358 596; x_wconf 90' lang='lat' dir='ltr'>eo</span> <span class='ocrx_word' id='word_1_61' title='bbox 399 568 512 596; x_wconf 91' lang='lat' dir='ltr'>anno</span> <span class='ocrx_word' id='word_1_62' title='bbox 557 554 699 608; x_wconf 91' lang='lat' dir='ltr'>plures</span> <span class='ocrx_word' id='word_1_63' title='bbox 739 567 867 606; x_wconf 81' lang='lat' dir='ltr'>qua-m</span> <span class='ocrx_word' id='word_1_64' title='bbox 903 566 990 592; x_wconf 88' lang='lat' dir='ltr'>una</span> <span class='ocrx_word' id='word_1_65' title='bbox 1028 553 1071 592; x_wconf 84' lang='lat' dir='ltr'>et</span> <span class='ocrx_word' id='word_1_66' title='bbox 1106 550 1260 605; x_wconf 82' lang='lat' dir='ltr'>viginti</span> <span class='ocrx_word' id='word_1_67' title='bbox 1296 549 1491 592; x_wconf 83' lang='lat' dir='ltr'>Romana</span> <span class='ocrx_word' id='word_1_68' title='bbox 1530 550 1721 604; x_wconf 83' lang='lat' dir='ltr'>legiones</span> 
     </span>
    </p>
   </div>
   <div class='ocr_carea' id='block_1_8' title="bbox 164 615 320 655">
    <p class='ocr_par' dir='ltr' id='par_1_8' title="bbox 164 615 320 655">
     <span class='ocr_line' id='line_1_9' title="bbox 164 615 320 655; baseline 0 0"><span class='ocrx_word' id='word_1_69' title='bbox 164 615 320 655; x_wconf 77' lang='lat' dir='ltr'>essent.</span> 
     </span>
    </p>
   </div>
   <div class='ocr_carea' id='block_1_9' title="bbox 285 667 1725 722">
    <p class='ocr_par' dir='ltr' id='par_1_9' title="bbox 285 667 1725 722">
     <span class='ocr_line' id='line_1_10' title="bbox 285 667 1725 722; baseline -0.004 -8"><span class='ocrx_word' id='word_1_70' title='bbox 285 672 366 714; x_wconf 92' lang='lat' dir='ltr'>His</span> <span class='ocrx_word' id='word_1_71' title='bbox 399 673 571 713; x_wconf 88' lang='lat' dir='ltr'>senatus</span> <span class='ocrx_word' id='word_1_72' title='bbox 603 669 808 712; x_wconf 87' lang='lat' dir='ltr'>consultis</span> <span class='ocrx_word' id='word_1_73' title='bbox 839 668 1038 722; x_wconf 83' lang='lat' dir='ltr'>perfectis</span> <span class='ocrx_word' id='word_1_74' title='bbox 1073 667 1217 709; x_wconf 83' lang='lat' dir='ltr'>sortiti</span> <span class='ocrx_word' id='word_1_75' title='bbox 1247 667 1490 721; x_wconf 88' lang='lat' dir='ltr'>provincias</span> <span class='ocrx_word' id='word_1_76' title='bbox 1516 668 1725 708; x_wconf 89' lang='lat' dir='ltr'>consules.</span> 
     </span>
    </p>
   </div>
   <div class='ocr_carea' id='block_1_10' title="bbox 175 725 1793 781">
    <p class='ocr_par' dir='ltr' id='par_1_10' title="bbox 175 725 1793 781">
     <span class='ocr_line' id='line_1_11' title="bbox 175 725 1793 781; baseline -0.003 -8"><span class='ocrx_word' id='word_1_77' title='bbox 175 730 323 774; x_wconf 80' lang='lat' dir='ltr'>Sicilia</span> <span class='ocrx_word' id='word_1_78' title='bbox 342 734 385 772; x_wconf 82' lang='lat' dir='ltr'>et</span> <span class='ocrx_word' id='word_1_79' title='bbox 403 730 553 772; x_wconf 85' lang='lat' dir='ltr'>classis</span> <span class='ocrx_word' id='word_1_80' title='bbox 572 728 795 781; x_wconf 87' lang='lat' dir='ltr'>Marcello,</span> <span class='ocrx_word' id='word_1_81' title='bbox 820 726 947 769; x_wconf 81' lang='lat' dir='ltr'>Italia</span> <span class='ocrx_word' id='word_1_82' title='bbox 967 741 1063 768; x_wconf 92' lang='lat' dir='ltr'>cum</span> <span class='ocrx_word' id='word_1_83' title='bbox 1082 726 1194 768; x_wconf 90' lang='lat' dir='ltr'>bello</span> <span class='ocrx_word' id='word_1_84' title='bbox 1216 726 1417 768; x_wconf 85' lang='lat' dir='ltr'>adversus</span> <span class='ocrx_word' id='word_1_85' title='bbox 1435 725 1725 767; x_wconf 86' lang='lat' dir='ltr'>Hannibalem</span> <span class='ocrx_word' id='word_1_86' title='bbox 1740 728 1793 770; x_wconf 87' lang='lat'>29</span> 
     </span>
    </p>
   </div>
   <div class='ocr_carea' id='block_1_11' title="bbox 163 784 1773 1376">
    <p class='ocr_par' dir='ltr' id='par_1_11' title="bbox 163 784 1773 1376">
     <span class='ocr_line' id='line_1_12' title="bbox 166 784 1724 842; baseline -0.004 -9"><span class='ocrx_word' id='word_1_87' title='bbox 166 790 354 832; x_wconf 88' lang='lat' dir='ltr'>Laevino</span> <span class='ocrx_word' id='word_1_88' title='bbox 386 789 539 831; x_wconf 84' lang='lat' dir='ltr'>evenit.</span> <span class='ocrx_word' id='word_1_89' title='bbox 598 802 705 842; x_wconf 90' lang='lat' dir='ltr'>quae</span> <span class='ocrx_word' id='word_1_90' title='bbox 737 801 848 841; x_wconf 90' lang='lat' dir='ltr'>sors,</span> <span class='ocrx_word' id='word_1_91' title='bbox 879 786 997 828; x_wconf 85' lang='lat' dir='ltr'>velut</span> <span class='ocrx_word' id='word_1_92' title='bbox 1028 786 1184 827; x_wconf 90' lang='lat' dir='ltr'>iterum</span> <span class='ocrx_word' id='word_1_93' title='bbox 1216 786 1354 840; x_wconf 88' lang='lat' dir='ltr'>captis</span> <span class='ocrx_word' id='word_1_94' title='bbox 1388 784 1630 840; x_wconf 81' lang='lat' dir='ltr'>Syracusis,</span> <span class='ocrx_word' id='word_1_95' title='bbox 1662 785 1724 826; x_wconf 90' lang='lat' dir='ltr'>ita</span> 
     </span>
     <span class='ocr_line' id='line_1_13' title="bbox 166 845 1769 900; baseline -0.002 -9"><span class='ocrx_word' id='word_1_96' title='bbox 166 848 429 891; x_wconf 84' lang='lat' dir='ltr'>exanimavit</span> <span class='ocrx_word' id='word_1_97' title='bbox 452 845 617 889; x_wconf 90' lang='lat' dir='ltr'>Siculos</span> <span class='ocrx_word' id='word_1_98' title='bbox 651 846 966 900; x_wconf 73' lang='lat' dir='ltr'>exspectatione</span> <span class='ocrx_word' id='word_1_99' title='bbox 999 845 1127 887; x_wconf 88' lang='lat' dir='ltr'>sortis</span> <span class='ocrx_word' id='word_1_100' title='bbox 1160 845 1206 886; x_wconf 92' lang='lat' dir='ltr'>in</span> <span class='ocrx_word' id='word_1_101' title='bbox 1238 845 1459 887; x_wconf 91' lang='lat' dir='ltr'>consulum</span> <span class='ocrx_word' id='word_1_102' title='bbox 1492 846 1724 899; x_wconf 85' lang='lat' dir='ltr'>conspectu</span> <span class='ocrx_word' id='word_1_103' title='bbox 1750 857 1769 887; x_wconf 95' lang='grc'>2</span> 
     </span>
     <span class='ocr_line' id='line_1_14' title="bbox 166 904 1723 962; baseline -0.004 -12"><span class='ocrx_word' id='word_1_104' title='bbox 166 911 348 962; x_wconf 85' lang='lat' dir='ltr'>stantes,</span> <span class='ocrx_word' id='word_1_105' title='bbox 385 909 434 948; x_wconf 90' lang='lat' dir='ltr'>ut</span> <span class='ocrx_word' id='word_1_106' title='bbox 470 906 755 961; x_wconf 85' lang='lat' dir='ltr'>comploratio</span> <span class='ocrx_word' id='word_1_107' title='bbox 793 920 942 947; x_wconf 91' lang='lat' dir='ltr'>eorum</span> <span class='ocrx_word' id='word_1_108' title='bbox 980 904 1227 959; x_wconf 87' lang='lat' dir='ltr'>flebilesque</span> <span class='ocrx_word' id='word_1_109' title='bbox 1264 918 1390 946; x_wconf 87' lang='lat' dir='ltr'>voces</span> <span class='ocrx_word' id='word_1_110' title='bbox 1429 906 1472 945; x_wconf 92' lang='lat' dir='ltr'>et</span> <span class='ocrx_word' id='word_1_111' title='bbox 1511 904 1723 958; x_wconf 84' lang='lat' dir='ltr'>extemplo</span> 
     </span>
     <span class='ocr_line' id='line_1_15' title="bbox 167 963 1725 1018; baseline -0.003 -10"><span class='ocrx_word' id='word_1_112' title='bbox 167 967 313 1009; x_wconf 89' lang='lat' dir='ltr'>oculos</span> <span class='ocrx_word' id='word_1_113' title='bbox 337 966 561 1008; x_wconf 88' lang='lat' dir='ltr'>hominum</span> <span class='ocrx_word' id='word_1_114' title='bbox 581 965 871 1007; x_wconf 87' lang='lat' dir='ltr'>converterint</span> <span class='ocrx_word' id='word_1_115' title='bbox 889 967 932 1006; x_wconf 89' lang='lat' dir='ltr'>et</span> <span class='ocrx_word' id='word_1_116' title='bbox 949 964 1179 1018; x_wconf 88' lang='lat' dir='ltr'>postmodo</span> <span class='ocrx_word' id='word_1_117' title='bbox 1201 978 1417 1005; x_wconf 87' lang='lat' dir='ltr'>sermones</span> <span class='ocrx_word' id='word_1_118' title='bbox 1437 963 1725 1017; x_wconf 89' lang='lat' dir='ltr'>praebuerint.</span> 
     </span>
     <span class='ocr_line' id='line_1_16' title="bbox 164 1022 1771 1068; baseline -0.001 -1"><span class='ocrx_word' id='word_1_119' title='bbox 164 1025 452 1068; x_wconf 85' lang='lat' dir='ltr'>circumibant</span> <span class='ocrx_word' id='word_1_120' title='bbox 476 1025 588 1066; x_wconf 84' lang='lat' dir='ltr'>enim</span> <span class='ocrx_word' id='word_1_121' title='bbox 616 1027 861 1066; x_wconf 88' lang='lat' dir='ltr'>senatorum</span> <span class='ocrx_word' id='word_1_122' title='bbox 886 1025 1024 1066; x_wconf 78' lang='lat' dir='ltr'>domos</span> <span class='ocrx_word' id='word_1_123' title='bbox 1043 1037 1139 1065; x_wconf 88' lang='lat' dir='ltr'>cum</span> <span class='ocrx_word' id='word_1_124' title='bbox 1163 1024 1281 1064; x_wconf 86' lang='lat' dir='ltr'>veste</span> <span class='ocrx_word' id='word_1_125' title='bbox 1308 1022 1479 1064; x_wconf 85' lang='lat' dir='ltr'>sordida</span> <span class='ocrx_word' id='word_1_126' title='bbox 1498 1022 1724 1063; x_wconf 89' lang='lat' dir='ltr'>adfirman-</span> <span class='ocrx_word' id='word_1_127' title='bbox 1751 1035 1771 1066; x_wconf 88' lang='lat'><strong>3</strong></span> 
     </span>
     <span class='ocr_line' id='line_1_17' title="bbox 163 1079 1726 1137; baseline -0.003 -11"><span class='ocrx_word' id='word_1_128' title='bbox 163 1087 231 1126; x_wconf 83' lang='lat' dir='ltr'>tes</span> <span class='ocrx_word' id='word_1_129' title='bbox 270 1099 314 1126; x_wconf 91' lang='lat' dir='ltr'>se</span> <span class='ocrx_word' id='word_1_130' title='bbox 351 1099 438 1127; x_wconf 93' lang='lat' dir='ltr'>non</span> <span class='ocrx_word' id='word_1_131' title='bbox 474 1084 601 1126; x_wconf 90' lang='lat' dir='ltr'>modo</span> <span class='ocrx_word' id='word_1_132' title='bbox 641 1098 760 1125; x_wconf 90' lang='lat' dir='ltr'>suam</span> <span class='ocrx_word' id='word_1_133' title='bbox 798 1097 988 1137; x_wconf 89' lang='lat' dir='ltr'>quosque</span> <span class='ocrx_word' id='word_1_134' title='bbox 1025 1082 1210 1137; x_wconf 88' lang='lat' dir='ltr'>patriam</span> <span class='ocrx_word' id='word_1_135' title='bbox 1251 1081 1324 1123; x_wconf 90' lang='lat' dir='ltr'>sed</span> <span class='ocrx_word' id='word_1_136' title='bbox 1359 1084 1497 1123; x_wconf 89' lang='lat' dir='ltr'>totam</span> <span class='ocrx_word' id='word_1_137' title='bbox 1536 1079 1726 1123; x_wconf 88' lang='lat' dir='ltr'>Siciliam</span> 
     </span>
     <span class='ocr_line' id='line_1_18' title="bbox 167 1140 1724 1197; baseline -0.003 -11"><span class='ocrx_word' id='word_1_138' title='bbox 167 1143 417 1197; x_wconf 88' lang='lat' dir='ltr'>relicturos,</span> <span class='ocrx_word' id='word_1_139' title='bbox 451 1144 486 1185; x_wconf 90' lang='lat' dir='ltr'>si</span> <span class='ocrx_word' id='word_1_140' title='bbox 518 1157 566 1185; x_wconf 92' lang='lat' dir='ltr'>eo</span> <span class='ocrx_word' id='word_1_141' title='bbox 585 1142 815 1184; x_wconf 90' lang='lat' dir='ltr'>Marcellus</span> <span class='ocrx_word' id='word_1_142' title='bbox 847 1142 1003 1183; x_wconf 89' lang='lat' dir='ltr'>iterum</span> <span class='ocrx_word' id='word_1_143' title='bbox 1029 1156 1125 1183; x_wconf 91' lang='lat' dir='ltr'>cum</span> <span class='ocrx_word' id='word_1_144' title='bbox 1155 1141 1335 1196; x_wconf 89' lang='lat' dir='ltr'>imperio</span> <span class='ocrx_word' id='word_1_145' title='bbox 1367 1140 1558 1182; x_wconf 87' lang='lat' dir='ltr'>redisset.</span> <span class='ocrx_word' id='word_1_146' title='bbox 1606 1140 1724 1181; x_wconf 92' lang='lat' dir='ltr'>nullo</span> 
     </span>
     <span class='ocr_line' id='line_1_19' title="bbox 170 1199 1773 1256; baseline -0.002 -11"><span class='ocrx_word' id='word_1_147' title='bbox 170 1218 249 1245; x_wconf 92' lang='lat' dir='ltr'>suo</span> <span class='ocrx_word' id='word_1_148' title='bbox 281 1203 434 1244; x_wconf 85' lang='lat' dir='ltr'>merito</span> <span class='ocrx_word' id='word_1_149' title='bbox 469 1217 565 1244; x_wconf 90' lang='lat' dir='ltr'>eum</span> <span class='ocrx_word' id='word_1_150' title='bbox 597 1204 695 1244; x_wconf 88' lang='lat' dir='ltr'>ante</span> <span class='ocrx_word' id='word_1_151' title='bbox 732 1201 1048 1256; x_wconf 87' lang='lat' dir='ltr'>implacabilem</span> <span class='ocrx_word' id='word_1_152' title='bbox 1084 1201 1130 1242; x_wconf 92' lang='lat' dir='ltr'>in</span> <span class='ocrx_word' id='word_1_153' title='bbox 1163 1215 1206 1242; x_wconf 92' lang='lat' dir='ltr'>se</span> <span class='ocrx_word' id='word_1_154' title='bbox 1238 1200 1387 1242; x_wconf 84' lang='lat' dir='ltr'>fuisse:</span> <span class='ocrx_word' id='word_1_155' title='bbox 1427 1199 1528 1254; x_wconf 88' lang='lat' dir='ltr'>quid</span> <span class='ocrx_word' id='word_1_156' title='bbox 1557 1200 1727 1253; x_wconf 79' lang='lat' dir='ltr'>iratum,</span> <span class='ocrx_word' id='word_1_157' title='bbox 1750 1212 1773 1242; x_wconf 89' lang='lat'>4</span> 
     </span>
     <span class='ocr_line' id='line_1_20' title="bbox 169 1258 1726 1317; baseline -0.003 -13"><span class='ocrx_word' id='word_1_158' title='bbox 169 1262 284 1317; x_wconf 88' lang='lat' dir='ltr'>quod</span> <span class='ocrx_word' id='word_1_159' title='bbox 315 1262 497 1304; x_wconf 87' lang='lat' dir='ltr'>Romam</span> <span class='ocrx_word' id='word_1_160' title='bbox 535 1262 585 1302; x_wconf 91' lang='lat' dir='ltr'>de</span> <span class='ocrx_word' id='word_1_161' title='bbox 619 1275 662 1302; x_wconf 92' lang='lat' dir='ltr'>se</span> <span class='ocrx_word' id='word_1_162' title='bbox 701 1263 898 1315; x_wconf 89' lang='lat' dir='ltr'>questum</span> <span class='ocrx_word' id='word_1_163' title='bbox 934 1260 1103 1301; x_wconf 86' lang='lat' dir='ltr'>venisse</span> <span class='ocrx_word' id='word_1_164' title='bbox 1137 1258 1300 1302; x_wconf 91' lang='lat' dir='ltr'>Siculos</span> <span class='ocrx_word' id='word_1_165' title='bbox 1333 1259 1457 1314; x_wconf 90' lang='lat' dir='ltr'>sciat,</span> <span class='ocrx_word' id='word_1_166' title='bbox 1494 1259 1726 1300; x_wconf 85' lang='lat' dir='ltr'>facturum!</span> 
     </span>
     <span class='ocr_line' id='line_1_21' title="bbox 168 1318 1725 1376; baseline -0.003 -13"><span class='ocrx_word' id='word_1_167' title='bbox 168 1321 292 1363; x_wconf 89' lang='lat' dir='ltr'>obrui</span> <span class='ocrx_word' id='word_1_168' title='bbox 324 1320 489 1362; x_wconf 87' lang='lat' dir='ltr'>Aetnae</span> <span class='ocrx_word' id='word_1_169' title='bbox 526 1320 696 1376; x_wconf 77' lang='lat' dir='ltr'>ignibus</span> <span class='ocrx_word' id='word_1_170' title='bbox 730 1322 804 1361; x_wconf 89' lang='lat' dir='ltr'>aut</span> <span class='ocrx_word' id='word_1_171' title='bbox 842 1320 979 1374; x_wconf 79' lang='lat' dir='ltr'>mergi</span> <span class='ocrx_word' id='word_1_172' title='bbox 1017 1319 1127 1361; x_wconf 86' lang='lat' dir='ltr'>freto</span> <span class='ocrx_word' id='word_1_173' title='bbox 1162 1319 1295 1360; x_wconf 86' lang='lat' dir='ltr'>satius</span> <span class='ocrx_word' id='word_1_174' title='bbox 1334 1319 1399 1360; x_wconf 89' lang='lat' dir='ltr'>illi</span> <span class='ocrx_word' id='word_1_175' title='bbox 1434 1318 1600 1359; x_wconf 89' lang='lat' dir='ltr'>insulae</span> <span class='ocrx_word' id='word_1_176' title='bbox 1633 1331 1725 1359; x_wconf 92' lang='lat' dir='ltr'>esse</span> 
     </span>
    </p>
   </div>
   <div class='ocr_carea' id='block_1_12' title="bbox 167 1459 920 2966">
    <p class='ocr_par' dir='ltr' id='par_1_12' title="bbox 167 1459 913 1874">
     <span class='ocr_line' id='line_1_22' title="bbox 219 1459 913 1506; baseline -0.003 -10"><span class='ocrx_word' id='word_1_177' title='bbox 219 1465 271 1496; x_wconf 88' lang='lat'><strong>11.</strong></span> <span class='ocrx_word' id='word_1_178' title='bbox 302 1461 459 1495; x_wconf 75' lang='lat' dir='ltr'>duarum</span> <span class='ocrx_word' id='word_1_179' title='bbox 490 1460 609 1495; x_wconf 75' lang='lat' dir='ltr'>instar</span> <span class='ocrx_word' id='word_1_180' title='bbox 640 1460 840 1506; x_wconf 62' lang='lat' dir='ltr'>legionum]</span> <span class='ocrx_word' id='word_1_181' title='bbox 874 1459 913 1494; x_wconf 91' lang='lat' dir='ltr'>in</span> 
     </span>
     <span class='ocr_line' id='line_1_23' title="bbox 168 1507 913 1552; baseline -0.003 -9"><span class='ocrx_word' id='word_1_182' title='bbox 168 1508 236 1543; x_wconf 89' lang='lat' dir='ltr'>der</span> <span class='ocrx_word' id='word_1_183' title='bbox 261 1507 393 1543; x_wconf 73' lang='lat' dir='ltr'>Starke</span> <span class='ocrx_word' id='word_1_184' title='bbox 418 1519 489 1542; x_wconf 89' lang='lat' dir='ltr'>von</span> <span class='ocrx_word' id='word_1_185' title='bbox 515 1512 535 1542; x_wconf 92' lang='lat'>2</span> <span class='ocrx_word' id='word_1_186' title='bbox 562 1507 760 1552; x_wconf 87' lang='lat' dir='ltr'>Legionen.</span> <span class='ocrx_word' id='word_1_187' title='bbox 792 1508 913 1542; x_wconf 75' lang='lat' dir='ltr'>instar</span> 
     </span>
     <span class='ocr_line' id='line_1_24' title="bbox 168 1554 913 1600; baseline -0.001 -10"><span class='ocrx_word' id='word_1_188' title='bbox 168 1555 317 1600; x_wconf 87' lang='lat' dir='ltr'>eigentl.</span> <span class='ocrx_word' id='word_1_189' title='bbox 334 1572 377 1584; x_wconf 88' lang='lat'><strong><em>=</em></strong></span> <span class='ocrx_word' id='word_1_190' title='bbox 390 1554 529 1589; x_wconf 88' lang='lat' dir='ltr'>Abbild</span> <span class='ocrx_word' id='word_1_191' title='bbox 543 1554 616 1599; x_wconf 83' lang='lat'>(28,</span> <span class='ocrx_word' id='word_1_192' title='bbox 639 1558 694 1598; x_wconf 84' lang='lat'>17,</span> <span class='ocrx_word' id='word_1_193' title='bbox 714 1559 734 1589; x_wconf 86' lang='lat'>2</span> <span class='ocrx_word' id='word_1_194' title='bbox 752 1565 913 1599; x_wconf 77' lang='lat' dir='ltr'>parvum</span> 
     </span>
     <span class='ocr_line' id='line_1_25' title="bbox 168 1601 912 1647; baseline -0.003 -9"><span class='ocrx_word' id='word_1_195' title='bbox 168 1604 302 1647; x_wconf 78' lang='lat' dir='ltr'>instar)</span> <span class='ocrx_word' id='word_1_196' title='bbox 321 1602 372 1637; x_wconf 88' lang='lat' dir='ltr'>ist</span> <span class='ocrx_word' id='word_1_197' title='bbox 390 1602 444 1637; x_wconf 89' lang='lat' dir='ltr'>als</span> <span class='ocrx_word' id='word_1_198' title='bbox 457 1601 607 1637; x_wconf 85' lang='lat' dir='ltr'>Adverb</span> <span class='ocrx_word' id='word_1_199' title='bbox 626 1602 665 1636; x_wconf 85' lang='lat' dir='ltr'>in</span> <span class='ocrx_word' id='word_1_200' title='bbox 679 1602 744 1637; x_wconf 88' lang='lat' dir='ltr'>der</span> <span class='ocrx_word' id='word_1_201' title='bbox 755 1602 912 1637; x_wconf 74' lang='lat' dir='ltr'>Militar-</span> 
     </span>
     <span class='ocr_line' id='line_1_26' title="bbox 167 1648 912 1695; baseline -0.004 -10"><span class='ocrx_word' id='word_1_202' title='bbox 167 1650 323 1695; x_wconf 85' lang='lat' dir='ltr'>sprache</span> <span class='ocrx_word' id='word_1_203' title='bbox 351 1649 423 1684; x_wconf 87' lang='lat' dir='ltr'>seit</span> <span class='ocrx_word' id='word_1_204' title='bbox 448 1648 581 1684; x_wconf 89' lang='lat' dir='ltr'>Caesar</span> <span class='ocrx_word' id='word_1_205' title='bbox 606 1650 646 1692; x_wconf 90' lang='lat' dir='ltr'><strong>(z.</strong></span> <span class='ocrx_word' id='word_1_206' title='bbox 668 1648 709 1683; x_wconf 92' lang='grc' dir='ltr'>Β.</span> <span class='ocrx_word' id='word_1_207' title='bbox 729 1649 816 1684; x_wconf 92' lang='lat' dir='ltr'>bell.</span> <span class='ocrx_word' id='word_1_208' title='bbox 843 1649 912 1684; x_wconf 86' lang='lat' dir='ltr'>civ.</span> 
     </span>
     <span class='ocr_line' id='line_1_27' title="bbox 167 1696 913 1742; baseline -0.004 -9"><span class='ocrx_word' id='word_1_209' title='bbox 167 1701 201 1740; x_wconf 88' lang='lat'>3,</span> <span class='ocrx_word' id='word_1_210' title='bbox 211 1698 270 1742; x_wconf 88' lang='grc'>66)</span> <span class='ocrx_word' id='word_1_211' title='bbox 281 1697 543 1742; x_wconf 78' lang='lat' dir='ltr'>eingebfirgert</span> <span class='ocrx_word' id='word_1_212' title='bbox 555 1696 594 1730; x_wconf 88' lang='lat' dir='ltr'>in</span> <span class='ocrx_word' id='word_1_213' title='bbox 607 1696 672 1731; x_wconf 89' lang='lat' dir='ltr'>der</span> <span class='ocrx_word' id='word_1_214' title='bbox 679 1696 913 1741; x_wconf 84' lang='lat' dir='ltr'>Bedeutung:</span> 
     </span>
     <span class='ocr_line' id='line_1_28' title="bbox 172 1743 912 1788; baseline -0.001 -9"><span class='ocrx_word' id='word_1_215' title='bbox 172 1744 226 1779; x_wconf 81' lang='lat' dir='ltr'>‘in</span> <span class='ocrx_word' id='word_1_216' title='bbox 263 1744 328 1779; x_wconf 88' lang='lat' dir='ltr'>der</span> <span class='ocrx_word' id='word_1_217' title='bbox 360 1744 492 1779; x_wconf 83' lang='lat' dir='ltr'>St&#39;arke</span> <span class='ocrx_word' id='word_1_218' title='bbox 524 1743 631 1785; x_wconf 77' lang='lat' dir='ltr'>von’3</span> <span class='ocrx_word' id='word_1_219' title='bbox 670 1743 736 1788; x_wconf 80' lang='lat'>35,</span> <span class='ocrx_word' id='word_1_220' title='bbox 770 1747 833 1787; x_wconf 85' lang='lat'>49,</span> <span class='ocrx_word' id='word_1_221' title='bbox 869 1747 912 1778; x_wconf 90' lang='lat'>10</span> 
     </span>
     <span class='ocr_line' id='line_1_29' title="bbox 167 1791 912 1836; baseline -0.003 -9"><span class='ocrx_word' id='word_1_222' title='bbox 167 1792 232 1827; x_wconf 67' lang='lat' dir='ltr'>vix</span> <span class='ocrx_word' id='word_1_223' title='bbox 256 1792 414 1826; x_wconf 75' lang='lat' dir='ltr'>duarum</span> <span class='ocrx_word' id='word_1_224' title='bbox 441 1791 532 1826; x_wconf 82' lang='lat' dir='ltr'>male</span> <span class='ocrx_word' id='word_1_225' title='bbox 556 1791 751 1835; x_wconf 74' lang='lat' dir='ltr'>plenarum</span> <span class='ocrx_word' id='word_1_226' title='bbox 776 1791 912 1836; x_wconf 71' lang='lat' dir='ltr'>Ieyizm-</span> 
     </span>
     <span class='ocr_line' id='line_1_30' title="bbox 169 1839 489 1874; baseline -0.003 0"><span class='ocrx_word' id='word_1_227' title='bbox 169 1839 337 1874; x_wconf 76' lang='lat' dir='ltr'>cularum</span> <span class='ocrx_word' id='word_1_228' title='bbox 361 1839 489 1873; x_wconf 70' lang='lat' dir='ltr'>instar.</span> 
     </span>
    </p>

    <p class='ocr_par' dir='ltr' id='par_1_13' title="bbox 169 1884 916 2393">
     <span class='ocr_line' id='line_1_31' title="bbox 219 1884 913 1931; baseline 0 -11"><span class='ocrx_word' id='word_1_229' title='bbox 219 1890 274 1921; x_wconf 87' lang='lat'><strong>13.</strong></span> <span class='ocrx_word' id='word_1_230' title='bbox 288 1886 343 1920; x_wconf 77' lang='lat' dir='ltr'>ita</span> <span class='ocrx_word' id='word_1_231' title='bbox 353 1906 394 1910; x_wconf 97' lang='lat'><strong>—</strong></span> <span class='ocrx_word' id='word_1_232' title='bbox 403 1896 448 1920; x_wconf 68' lang='lat' dir='ltr'>‘ne</span> <span class='ocrx_word' id='word_1_233' title='bbox 458 1905 502 1910; x_wconf 88' lang='lat'>—</span> <span class='ocrx_word' id='word_1_234' title='bbox 513 1885 613 1931; x_wconf 71' lang='lat' dir='ltr'>weve]</span> <span class='ocrx_word' id='word_1_235' title='bbox 630 1885 696 1928; x_wconf 86' lang='lat' dir='ltr'>‘so,</span> <span class='ocrx_word' id='word_1_236' title='bbox 710 1884 789 1920; x_wconf 85' lang='lat' dir='ltr'>dass</span> <span class='ocrx_word' id='word_1_237' title='bbox 804 1885 913 1920; x_wconf 86' lang='lat' dir='ltr'>dabei</span> 
     </span>
     <span class='ocr_line' id='line_1_32' title="bbox 169 1932 911 1975; baseline 0 -8"><span class='ocrx_word' id='word_1_238' title='bbox 169 1932 309 1975; x_wconf 83' lang='lat' dir='ltr'>nicht’‚</span> <span class='ocrx_word' id='word_1_239' title='bbox 346 1932 384 1967; x_wconf 88' lang='lat' dir='ltr'>in</span> <span class='ocrx_word' id='word_1_240' title='bbox 418 1932 758 1967; x_wconf 71' lang='lat' dir='ltr'>beschr&#39;a’nkendem</span> <span class='ocrx_word' id='word_1_241' title='bbox 791 1933 911 1968; x_wconf 84' lang='lat' dir='ltr'>Sinne.</span> 
     </span>
     <span class='ocr_line' id='line_1_33' title="bbox 170 1979 913 2015; baseline 0 -1"><span class='ocrx_word' id='word_1_242' title='bbox 170 1979 328 2015; x_wconf 72' lang='lat' dir='ltr'>Enthalt</span> <span class='ocrx_word' id='word_1_243' title='bbox 352 1979 416 2014; x_wconf 90' lang='lat' dir='ltr'>der</span> <span class='ocrx_word' id='word_1_244' title='bbox 439 1980 505 2014; x_wconf 85' lang='lat' dir='ltr'>auf</span> <span class='ocrx_word' id='word_1_245' title='bbox 527 1980 592 2014; x_wconf 90' lang='lat' dir='ltr'>das</span> <span class='ocrx_word' id='word_1_246' title='bbox 611 1979 913 2014; x_wconf 71' lang='lat' dir='ltr'>beschrankende</span> 
     </span>
     <span class='ocr_line' id='line_1_34' title="bbox 169 2026 913 2072; baseline -0.001 -10"><span class='ocrx_word' id='word_1_247' title='bbox 169 2028 225 2062; x_wconf 76' lang='lat' dir='ltr'>ita</span> <span class='ocrx_word' id='word_1_248' title='bbox 265 2027 437 2072; x_wconf 88' lang='lat' dir='ltr'>folgende</span> <span class='ocrx_word' id='word_1_249' title='bbox 468 2026 676 2062; x_wconf 84' lang='lat' dir='ltr'>Nebensatz</span> <span class='ocrx_word' id='word_1_250' title='bbox 713 2027 783 2062; x_wconf 89' lang='lat' dir='ltr'>den</span> <span class='ocrx_word' id='word_1_251' title='bbox 813 2027 913 2071; x_wconf 83' lang='lat' dir='ltr'>Sinn,</span> 
     </span>
     <span class='ocr_line' id='line_1_35' title="bbox 170 2073 914 2118; baseline 0 -9"><span class='ocrx_word' id='word_1_252' title='bbox 170 2073 251 2109; x_wconf 83' lang='lat' dir='ltr'>dass</span> <span class='ocrx_word' id='word_1_253' title='bbox 284 2076 397 2109; x_wconf 86' lang='lat' dir='ltr'>etwas</span> <span class='ocrx_word' id='word_1_254' title='bbox 429 2075 609 2109; x_wconf 83' lang='lat' dir='ltr'>verboten</span> <span class='ocrx_word' id='word_1_255' title='bbox 639 2074 787 2109; x_wconf 85' lang='lat' dir='ltr'>werden</span> <span class='ocrx_word' id='word_1_256' title='bbox 812 2075 914 2118; x_wconf 87' lang='lat' dir='ltr'>solle,</span> 
     </span>
     <span class='ocr_line' id='line_1_36' title="bbox 170 2121 914 2166; baseline -0.001 -9"><span class='ocrx_word' id='word_1_257' title='bbox 170 2132 210 2157; x_wconf 90' lang='lat' dir='ltr'>so</span> <span class='ocrx_word' id='word_1_258' title='bbox 235 2121 329 2156; x_wconf 84' lang='lat' dir='ltr'>wird</span> <span class='ocrx_word' id='word_1_259' title='bbox 359 2125 401 2156; x_wconf 79' lang='lat' dir='ltr'>ut</span> <span class='ocrx_word' id='word_1_260' title='bbox 431 2132 492 2164; x_wconf 74' lang='lat' dir='ltr'>ne,</span> <span class='ocrx_word' id='word_1_261' title='bbox 525 2121 619 2156; x_wconf 84' lang='lat' dir='ltr'>auch</span> <span class='ocrx_word' id='word_1_262' title='bbox 643 2133 687 2155; x_wconf 77' lang='lat' dir='ltr'>‘ne</span> <span class='ocrx_word' id='word_1_263' title='bbox 714 2122 828 2156; x_wconf 85' lang='lat' dir='ltr'>allein</span> <span class='ocrx_word' id='word_1_264' title='bbox 853 2133 914 2166; x_wconf 86' lang='lat' dir='ltr'>ge-</span> 
     </span>
     <span class='ocr_line' id='line_1_37' title="bbox 170 2168 915 2212; baseline 0 -9"><span class='ocrx_word' id='word_1_265' title='bbox 170 2169 344 2212; x_wconf 85' lang='lat' dir='ltr'>braucht,</span> <span class='ocrx_word' id='word_1_266' title='bbox 369 2168 446 2203; x_wconf 84' lang='lat' dir='ltr'>und</span> <span class='ocrx_word' id='word_1_267' title='bbox 472 2168 606 2204; x_wconf 87' lang='lat' dir='ltr'>darauf</span> <span class='ocrx_word' id='word_1_268' title='bbox 625 2169 695 2203; x_wconf 87' lang='lat' dir='ltr'>mit</span> <span class='ocrx_word' id='word_1_269' title='bbox 719 2180 803 2204; x_wconf 75' lang='lat' dir='ltr'>neve</span> <span class='ocrx_word' id='word_1_270' title='bbox 827 2168 915 2203; x_wconf 86' lang='lat' dir='ltr'>fort-</span> 
     </span>
     <span class='ocr_line' id='line_1_38' title="bbox 173 2215 915 2261; baseline 0 -10"><span class='ocrx_word' id='word_1_271' title='bbox 173 2216 362 2260; x_wconf 86' lang='lat' dir='ltr'>gefahren,</span> <span class='ocrx_word' id='word_1_272' title='bbox 381 2215 505 2250; x_wconf 89' lang='lat' dir='ltr'>indem</span> <span class='ocrx_word' id='word_1_273' title='bbox 520 2216 579 2250; x_wconf 88' lang='lat' dir='ltr'>die</span> <span class='ocrx_word' id='word_1_274' title='bbox 593 2216 832 2261; x_wconf 84' lang='lat' dir='ltr'>Vorstellung</span> <span class='ocrx_word' id='word_1_275' title='bbox 851 2216 915 2251; x_wconf 87' lang='lat' dir='ltr'>des</span> 
     </span>
     <span class='ocr_line' id='line_1_39' title="bbox 171 2262 916 2309; baseline 0.003 -13"><span class='ocrx_word' id='word_1_276' title='bbox 171 2262 379 2298; x_wconf 70' lang='lat' dir='ltr'>Verhi‘itens</span> <span class='ocrx_word' id='word_1_277' title='bbox 395 2262 636 2309; x_wconf 81' lang='lat' dir='ltr'>mafsgebend</span> <span class='ocrx_word' id='word_1_278' title='bbox 655 2262 784 2298; x_wconf 86' lang='lat' dir='ltr'>bleibt.</span> <span class='ocrx_word' id='word_1_279' title='bbox 814 2275 844 2298; x_wconf 89' lang='lat' dir='ltr'>c.</span> <span class='ocrx_word' id='word_1_280' title='bbox 859 2267 916 2307; x_wconf 86' lang='lat'>34,</span> 
     </span>
     <span class='ocr_line' id='line_1_40' title="bbox 174 2310 916 2352; baseline 0.003 -8"><span class='ocrx_word' id='word_1_281' title='bbox 174 2313 194 2344; x_wconf 77' lang='lat'>¹7</span> <span class='ocrx_word' id='word_1_282' title='bbox 220 2310 286 2352; x_wconf 80' lang='lat' dir='ltr'>ita,</span> <span class='ocrx_word' id='word_1_283' title='bbox 310 2314 351 2344; x_wconf 81' lang='lat' dir='ltr'>ut</span> <span class='ocrx_word' id='word_1_284' title='bbox 375 2321 476 2345; x_wconf 74' lang='lat' dir='ltr'>‘nemo</span> <span class='ocrx_word' id='word_1_285' title='bbox 500 2321 620 2346; x_wconf 78' lang='lat' dir='ltr'>eorum</span> <span class='ocrx_word' id='word_1_286' title='bbox 647 2337 801 2346; x_wconf 90' lang='lat'><strong>......</strong></span> <span class='ocrx_word' id='word_1_287' title='bbox 829 2311 916 2346; x_wconf 75' lang='lat' dir='ltr'>civis</span> 
     </span>
     <span class='ocr_line' id='line_1_41' title="bbox 174 2360 773 2393; baseline -0.002 -1"><span class='ocrx_word' id='word_1_288' title='bbox 174 2360 260 2392; x_wconf 79' lang='lat' dir='ltr'>esset</span> <span class='ocrx_word' id='word_1_289' title='bbox 285 2367 370 2391; x_wconf 69' lang='lat' dir='ltr'>‘nez-e</span> <span class='ocrx_word' id='word_1_290' title='bbox 396 2383 579 2393; x_wconf 93' lang='grc'><strong>......</strong></span> <span class='ocrx_word' id='word_1_291' title='bbox 605 2361 773 2393; x_wconf 72' lang='lat' dir='ltr'>maneret.</span> 
     </span>
    </p>

    <p class='ocr_par' dir='ltr' id='par_1_14' title="bbox 173 2405 917 2731">
     <span class='ocr_line' id='line_1_42' title="bbox 220 2405 917 2450; baseline 0.003 -12"><span class='ocrx_word' id='word_1_292' title='bbox 220 2415 298 2438; x_wconf 81' lang='lat' dir='ltr'>wna</span> <span class='ocrx_word' id='word_1_293' title='bbox 318 2407 349 2438; x_wconf 82' lang='lat' dir='ltr'>et</span> <span class='ocrx_word' id='word_1_294' title='bbox 367 2405 515 2450; x_wconf 73' lang='lat' dir='ltr'>viyinti]</span> <span class='ocrx_word' id='word_1_295' title='bbox 542 2406 638 2439; x_wconf 90' lang='lat' dir='ltr'>trotz</span> <span class='ocrx_word' id='word_1_296' title='bbox 658 2405 722 2440; x_wconf 88' lang='lat' dir='ltr'>der</span> <span class='ocrx_word' id='word_1_297' title='bbox 741 2407 917 2440; x_wconf 89' lang='lat' dir='ltr'>erneuten</span> 
     </span>
     <span class='ocr_line' id='line_1_43' title="bbox 173 2451 916 2496; baseline 0.004 -12"><span class='ocrx_word' id='word_1_298' title='bbox 173 2451 484 2495; x_wconf 86' lang='lat' dir='ltr'>Anstrengungen</span> <span class='ocrx_word' id='word_1_299' title='bbox 505 2451 543 2485; x_wconf 87' lang='lat' dir='ltr'>in</span> <span class='ocrx_word' id='word_1_300' title='bbox 561 2451 721 2496; x_wconf 87' lang='lat' dir='ltr'>Spanien</span> <span class='ocrx_word' id='word_1_301' title='bbox 740 2464 774 2487; x_wconf 91' lang='lat' dir='ltr'>u.</span> <span class='ocrx_word' id='word_1_302' title='bbox 789 2452 916 2487; x_wconf 86' lang='lat' dir='ltr'>Make-</span> 
     </span>
     <span class='ocr_line' id='line_1_44' title="bbox 173 2497 915 2543; baseline 0 -11"><span class='ocrx_word' id='word_1_303' title='bbox 173 2497 311 2533; x_wconf 88' lang='lat' dir='ltr'>donien</span> <span class='ocrx_word' id='word_1_304' title='bbox 336 2498 386 2532; x_wconf 87' lang='lat' dir='ltr'>ist</span> <span class='ocrx_word' id='word_1_305' title='bbox 410 2497 504 2532; x_wconf 87' lang='lat' dir='ltr'>Rom</span> <span class='ocrx_word' id='word_1_306' title='bbox 530 2498 646 2532; x_wconf 84' lang='lat' dir='ltr'>durch</span> <span class='ocrx_word' id='word_1_307' title='bbox 669 2498 813 2543; x_wconf 87' lang='lat' dir='ltr'>Capuas</span> <span class='ocrx_word' id='word_1_308' title='bbox 832 2499 915 2534; x_wconf 82' lang='lat' dir='ltr'>Fan</span> 
     </span>
     <span class='ocr_line' id='line_1_45' title="bbox 175 2544 916 2590; baseline 0 -10"><span class='ocrx_word' id='word_1_309' title='bbox 175 2556 215 2580; x_wconf 86' lang='lat' dir='ltr'>so</span> <span class='ocrx_word' id='word_1_310' title='bbox 242 2545 428 2588; x_wconf 82' lang='lat' dir='ltr'>entlastet,</span> <span class='ocrx_word' id='word_1_311' title='bbox 454 2544 533 2579; x_wconf 83' lang='lat' dir='ltr'>dass</span> <span class='ocrx_word' id='word_1_312' title='bbox 560 2555 597 2580; x_wconf 91' lang='lat' dir='ltr'>es</span> <span class='ocrx_word' id='word_1_313' title='bbox 623 2544 674 2579; x_wconf 91' lang='lat' dir='ltr'>im</span> <span class='ocrx_word' id='word_1_314' title='bbox 698 2545 836 2581; x_wconf 87' lang='lat' dir='ltr'>Stande</span> <span class='ocrx_word' id='word_1_315' title='bbox 855 2546 916 2590; x_wconf 86' lang='lat' dir='ltr'>ist,</span> 
     </span>
     <span class='ocr_line' id='line_1_46' title="bbox 174 2592 916 2637; baseline 0 -10"><span class='ocrx_word' id='word_1_316' title='bbox 174 2593 234 2627; x_wconf 85' lang='lat' dir='ltr'>die</span> <span class='ocrx_word' id='word_1_317' title='bbox 265 2592 481 2627; x_wconf 88' lang='lat' dir='ltr'>Feldarmee</span> <span class='ocrx_word' id='word_1_318' title='bbox 515 2603 578 2626; x_wconf 85' lang='lat' dir='ltr'>um</span> <span class='ocrx_word' id='word_1_319' title='bbox 608 2592 698 2626; x_wconf 85' lang='lat' dir='ltr'>zwei</span> <span class='ocrx_word' id='word_1_320' title='bbox 728 2592 916 2637; x_wconf 85' lang='lat' dir='ltr'>Legionen</span> 
     </span>
     <span class='ocr_line' id='line_1_47' title="bbox 173 2638 917 2683; baseline 0 -9"><span class='ocrx_word' id='word_1_321' title='bbox 173 2640 470 2674; x_wconf 86' lang='lat' dir='ltr'>herabzusetzen.</span> <span class='ocrx_word' id='word_1_322' title='bbox 507 2638 592 2683; x_wconf 84' lang='lat' dir='ltr'><strong>Vgl.</strong></span> <span class='ocrx_word' id='word_1_323' title='bbox 620 2650 650 2673; x_wconf 87' lang='lat' dir='ltr'>c.</span> <span class='ocrx_word' id='word_1_324' title='bbox 679 2643 709 2682; x_wconf 92' lang='lat'>1,</span> <span class='ocrx_word' id='word_1_325' title='bbox 738 2643 779 2674; x_wconf 90' lang='lat'>13</span> <span class='ocrx_word' id='word_1_326' title='bbox 800 2640 917 2674; x_wconf 79' lang='lat' dir='ltr'>tribus</span> 
     </span>
     <span class='ocr_line' id='line_1_48' title="bbox 174 2687 372 2731; baseline 0 -10"><span class='ocrx_word' id='word_1_327' title='bbox 174 2690 207 2721; x_wconf 85' lang='lat' dir='ltr'>et</span> <span class='ocrx_word' id='word_1_328' title='bbox 231 2687 372 2731; x_wconf 75' lang='lat' dir='ltr'>viyinti.</span> 
     </span>
    </p>

    <p class='ocr_par' dir='ltr' id='par_1_15' title="bbox 176 2733 918 2815">
     <span class='ocr_line' id='line_1_49' title="bbox 224 2733 918 2769; baseline -0.003 0"><span class='ocrx_word' id='word_1_329' title='bbox 224 2744 253 2769; x_wconf 81' lang='lat' dir='ltr'>c,</span> <span class='ocrx_word' id='word_1_330' title='bbox 292 2733 449 2768; x_wconf 81' lang='grc'>29-32.</span> <span class='ocrx_word' id='word_1_331' title='bbox 507 2733 799 2768; x_wconf 85' lang='lat' dir='ltr'>Beschwerde</span> <span class='ocrx_word' id='word_1_332' title='bbox 843 2733 918 2768; x_wconf 88' lang='lat' dir='ltr'>der</span> 
     </span>
     <span class='ocr_line' id='line_1_50' title="bbox 176 2780 776 2815; baseline 0.002 -1"><span class='ocrx_word' id='word_1_333' title='bbox 176 2780 361 2815; x_wconf 87' lang='lat' dir='ltr'>Sikuler</span> <span class='ocrx_word' id='word_1_334' title='bbox 385 2781 495 2815; x_wconf 75' lang='lat' dir='ltr'>fiber</span> <span class='ocrx_word' id='word_1_335' title='bbox 519 2780 776 2815; x_wconf 85' lang='lat' dir='ltr'>Marcellus.</span> 
     </span>
    </p>

    <p class='ocr_par' dir='ltr' id='par_1_16' title="bbox 175 2827 920 2966">
     <span class='ocr_line' id='line_1_51' title="bbox 224 2827 919 2872; baseline -0.001 -10"><span class='ocrx_word' id='word_1_336' title='bbox 224 2831 255 2862; x_wconf 87' lang='lat'>2.</span> <span class='ocrx_word' id='word_1_337' title='bbox 288 2827 386 2872; x_wconf 87' lang='lat' dir='ltr'>sors]</span> <span class='ocrx_word' id='word_1_338' title='bbox 432 2828 496 2863; x_wconf 85' lang='lat' dir='ltr'>der</span> <span class='ocrx_word' id='word_1_339' title='bbox 536 2827 681 2863; x_wconf 84' lang='lat' dir='ltr'>Ausfall</span> <span class='ocrx_word' id='word_1_340' title='bbox 724 2827 788 2862; x_wconf 87' lang='lat' dir='ltr'>der</span> <span class='ocrx_word' id='word_1_341' title='bbox 830 2827 919 2862; x_wconf 82' lang='lat' dir='ltr'>Ver·</span> 
     </span>
     <span class='ocr_line' id='line_1_52' title="bbox 176 2873 920 2919; baseline 0.003 -11"><span class='ocrx_word' id='word_1_342' title='bbox 176 2873 326 2919; x_wconf 78' lang='lat' dir='ltr'>losung3</span> <span class='ocrx_word' id='word_1_343' title='bbox 363 2876 470 2910; x_wconf 77' lang='lat' dir='ltr'>sortis</span> <span class='ocrx_word' id='word_1_344' title='bbox 507 2874 657 2919; x_wconf 81' lang='lat' dir='ltr'>(weiter</span> <span class='ocrx_word' id='word_1_345' title='bbox 687 2876 822 2919; x_wconf 81' lang='lat' dir='ltr'>unten)</span> <span class='ocrx_word' id='word_1_346' title='bbox 861 2874 920 2910; x_wconf 86' lang='lat' dir='ltr'>die</span> 
     </span>
     <span class='ocr_line' id='line_1_53' title="bbox 175 2920 531 2966; baseline -0.003 -10"><span class='ocrx_word' id='word_1_347' title='bbox 175 2920 383 2966; x_wconf 80' lang='lat' dir='ltr'>Verlosung</span> <span class='ocrx_word' id='word_1_348' title='bbox 407 2922 531 2957; x_wconf 83' lang='lat' dir='ltr'>selbst.</span> 
     </span>
    </p>
   </div>
   <div class='ocr_carea' id='block_1_13' title="bbox 984 1457 1734 2967">
    <p class='ocr_par' dir='ltr' id='par_1_17' title="bbox 984 1457 1729 1835">
     <span class='ocr_line' id='line_1_54' title="bbox 1032 1457 1727 1503; baseline 0 -10"><span class='ocrx_word' id='word_1_349' title='bbox 1032 1459 1255 1493; x_wconf 64' lang='lat' dir='ltr'>exanimavit</span> <span class='ocrx_word' id='word_1_350' title='bbox 1281 1458 1443 1503; x_wconf 68' lang='lat' dir='ltr'>Siculos]</span> <span class='ocrx_word' id='word_1_351' title='bbox 1480 1457 1644 1493; x_wconf 67' lang='lat' dir='ltr'>‘erfi’illte</span> <span class='ocrx_word' id='word_1_352' title='bbox 1675 1458 1727 1493; x_wconf 90' lang='lat' dir='ltr'>sie</span> 
     </span>
     <span class='ocr_line' id='line_1_55' title="bbox 984 1505 1727 1541; baseline -0.001 0"><span class='ocrx_word' id='word_1_353' title='bbox 984 1506 1054 1541; x_wconf 88' lang='lat' dir='ltr'>mit</span> <span class='ocrx_word' id='word_1_354' title='bbox 1086 1506 1290 1541; x_wconf 77' lang='lat' dir='ltr'>todlichem</span> <span class='ocrx_word' id='word_1_355' title='bbox 1316 1505 1553 1540; x_wconf 85' lang='lat' dir='ltr'>Schrecken&#39;.</span> <span class='ocrx_word' id='word_1_356' title='bbox 1603 1506 1727 1540; x_wconf 65' lang='lat' dir='ltr'>emani-</span> 
     </span>
     <span class='ocr_line' id='line_1_56' title="bbox 984 1552 1727 1597; baseline -0.001 -8"><span class='ocrx_word' id='word_1_357' title='bbox 984 1565 1082 1589; x_wconf 75' lang='lat' dir='ltr'>mare</span> <span class='ocrx_word' id='word_1_358' title='bbox 1113 1553 1174 1588; x_wconf 90' lang='lat' dir='ltr'>bei</span> <span class='ocrx_word' id='word_1_359' title='bbox 1205 1552 1284 1588; x_wconf 83' lang='lat' dir='ltr'><strong>Liv.</strong></span> <span class='ocrx_word' id='word_1_360' title='bbox 1314 1553 1489 1588; x_wconf 88' lang='lat' dir='ltr'>meistens</span> <span class='ocrx_word' id='word_1_361' title='bbox 1521 1553 1560 1587; x_wconf 87' lang='lat' dir='ltr'>in</span> <span class='ocrx_word' id='word_1_362' title='bbox 1585 1552 1727 1597; x_wconf 87' lang='lat' dir='ltr'>eigent-</span> 
     </span>
     <span class='ocr_line' id='line_1_57' title="bbox 984 1600 1728 1645; baseline -0.001 -10"><span class='ocrx_word' id='word_1_363' title='bbox 984 1601 1102 1636; x_wconf 88' lang='lat' dir='ltr'>licher</span> <span class='ocrx_word' id='word_1_364' title='bbox 1137 1600 1366 1645; x_wconf 82' lang='lat' dir='ltr'>Bedeutung.</span> <span class='ocrx_word' id='word_1_365' title='bbox 1429 1600 1495 1644; x_wconf 79' lang='lat'>25,</span> <span class='ocrx_word' id='word_1_366' title='bbox 1535 1605 1572 1643; x_wconf 82' lang='lat'>7,</span> <span class='ocrx_word' id='word_1_367' title='bbox 1611 1604 1628 1635; x_wconf 81' lang='lat'><strong>7</strong></span> <span class='ocrx_word' id='word_1_368' title='bbox 1656 1601 1728 1635; x_wconf 80' lang='lat' dir='ltr'>duo</span> 
     </span>
     <span class='ocr_line' id='line_1_58' title="bbox 985 1647 1728 1693; baseline 0 -10"><span class='ocrx_word' id='word_1_369' title='bbox 985 1649 1109 1693; x_wconf 76' lang='lat' dir='ltr'>viyiles</span> <span class='ocrx_word' id='word_1_370' title='bbox 1129 1649 1330 1683; x_wconf 73' lang='lat' dir='ltr'>exanimati</span> <span class='ocrx_word' id='word_1_371' title='bbox 1347 1651 1433 1682; x_wconf 64' lang='lat' dir='ltr'>sunt</span> <span class='ocrx_word' id='word_1_372' title='bbox 1448 1648 1641 1692; x_wconf 79' lang='lat' dir='ltr'>(fulmine).</span> <span class='ocrx_word' id='word_1_373' title='bbox 1667 1647 1728 1690; x_wconf 81' lang='lat'>23,</span> 
     </span>
     <span class='ocr_line' id='line_1_59' title="bbox 985 1695 1728 1739; baseline -0.001 -9"><span class='ocrx_word' id='word_1_374' title='bbox 985 1700 1041 1739; x_wconf 81' lang='lat'>24,</span> <span class='ocrx_word' id='word_1_375' title='bbox 1066 1700 1119 1731; x_wconf 90' lang='lat'><strong>10.</strong></span> <span class='ocrx_word' id='word_1_376' title='bbox 1163 1695 1269 1730; x_wconf 89' lang='lat' dir='ltr'>Auch</span> <span class='ocrx_word' id='word_1_377' title='bbox 1294 1696 1472 1730; x_wconf 72' lang='lat' dir='ltr'>exanimis</span> <span class='ocrx_word' id='word_1_378' title='bbox 1492 1712 1535 1723; x_wconf 94' lang='lat'>=</span> <span class='ocrx_word' id='word_1_379' title='bbox 1555 1696 1624 1730; x_wconf 89' lang='lat' dir='ltr'>tot.</span> <span class='ocrx_word' id='word_1_380' title='bbox 1667 1695 1728 1738; x_wconf 82' lang='lat'>25,</span> 
     </span>
     <span class='ocr_line' id='line_1_60' title="bbox 987 1742 1729 1787; baseline -0.001 -10"><span class='ocrx_word' id='word_1_381' title='bbox 987 1747 1048 1787; x_wconf 86' lang='grc'>16,</span> <span class='ocrx_word' id='word_1_382' title='bbox 1074 1747 1118 1777; x_wconf 88' lang='grc'>24</span> <span class='ocrx_word' id='word_1_383' title='bbox 1136 1743 1260 1787; x_wconf 87' lang='lat' dir='ltr'>·(doch</span> <span class='ocrx_word' id='word_1_384' title='bbox 1284 1742 1351 1777; x_wconf 90' lang='lat' dir='ltr'>hat</span> <span class='ocrx_word' id='word_1_385' title='bbox 1376 1743 1489 1777; x_wconf 86' lang='lat' dir='ltr'>sehon</span> <span class='ocrx_word' id='word_1_386' title='bbox 1509 1742 1636 1777; x_wconf 88' lang='lat' dir='ltr'>Cicero</span> <span class='ocrx_word' id='word_1_387' title='bbox 1663 1742 1729 1776; x_wconf 88' lang='lat' dir='ltr'>das</span> 
     </span>
     <span class='ocr_line' id='line_1_61' title="bbox 984 1789 1729 1835; baseline -0.001 -10"><span class='ocrx_word' id='word_1_388' title='bbox 984 1790 1094 1825; x_wconf 87' lang='lat' dir='ltr'>Verb.</span> <span class='ocrx_word' id='word_1_389' title='bbox 1126 1791 1165 1824; x_wconf 90' lang='lat' dir='ltr'>in</span> <span class='ocrx_word' id='word_1_390' title='bbox 1196 1790 1461 1835; x_wconf 79' lang='lat' dir='ltr'>fibertragener</span> <span class='ocrx_word' id='word_1_391' title='bbox 1485 1789 1729 1835; x_wconf 88' lang='lat' dir='ltr'>Bedeutung).</span> 
     </span>
    </p>

    <p class='ocr_par' dir='ltr' id='par_1_18' title="bbox 985 1837 1730 2071">
     <span class='ocr_line' id='line_1_62' title="bbox 1027 1837 1730 1883; baseline 0.001 -12"><span class='ocrx_word' id='word_1_392' title='bbox 1027 1837 1229 1883; x_wconf 74' lang='lat' dir='ltr'>postmodo]</span> <span class='ocrx_word' id='word_1_393' title='bbox 1257 1837 1294 1872; x_wconf 92' lang='lat' dir='ltr'>in</span> <span class='ocrx_word' id='word_1_394' title='bbox 1319 1837 1383 1871; x_wconf 89' lang='lat' dir='ltr'>der</span> <span class='ocrx_word' id='word_1_395' title='bbox 1410 1841 1439 1872; x_wconf 91' lang='lat'><strong>1.</strong></span> <span class='ocrx_word' id='word_1_396' title='bbox 1467 1837 1620 1872; x_wconf 88' lang='lat' dir='ltr'>Dekade</span> <span class='ocrx_word' id='word_1_397' title='bbox 1646 1839 1730 1882; x_wconf 87' lang='lat' dir='ltr'>sagt</span> 
     </span>
     <span class='ocr_line' id='line_1_63' title="bbox 985 1884 1729 1930; baseline 0.001 -12"><span class='ocrx_word' id='word_1_398' title='bbox 985 1884 1062 1920; x_wconf 88' lang='lat' dir='ltr'>Liv.</span> <span class='ocrx_word' id='word_1_399' title='bbox 1078 1885 1173 1920; x_wconf 90' lang='lat' dir='ltr'>noch</span> <span class='ocrx_word' id='word_1_400' title='bbox 1186 1885 1430 1929; x_wconf 74' lang='lat' dir='ltr'>postmodum,</span> <span class='ocrx_word' id='word_1_401' title='bbox 1446 1884 1484 1918; x_wconf 88' lang='lat' dir='ltr'>in</span> <span class='ocrx_word' id='word_1_402' title='bbox 1505 1886 1573 1919; x_wconf 90' lang='lat' dir='ltr'>den</span> <span class='ocrx_word' id='word_1_403' title='bbox 1589 1884 1729 1930; x_wconf 85' lang='lat' dir='ltr'>folgen-</span> 
     </span>
     <span class='ocr_line' id='line_1_64' title="bbox 986 1931 1729 1976; baseline 0 -10"><span class='ocrx_word' id='word_1_404' title='bbox 986 1933 1057 1967; x_wconf 90' lang='lat' dir='ltr'>den</span> <span class='ocrx_word' id='word_1_405' title='bbox 1089 1944 1157 1966; x_wconf 87' lang='lat' dir='ltr'>nur</span> <span class='ocrx_word' id='word_1_406' title='bbox 1188 1932 1284 1967; x_wconf 88' lang='lat' dir='ltr'>noch</span> <span class='ocrx_word' id='word_1_407' title='bbox 1314 1932 1509 1976; x_wconf 74' lang='lat' dir='ltr'>postmodo.</span> <span class='ocrx_word' id='word_1_408' title='bbox 1553 1931 1638 1976; x_wconf 86' lang='lat' dir='ltr'><strong>Vgl.</strong></span> <span class='ocrx_word' id='word_1_409' title='bbox 1669 1931 1729 1974; x_wconf 79' lang='lat'>25,</span> 
     </span>
     <span class='ocr_line' id='line_1_65' title="bbox 987 1978 1730 2024; baseline -0.001 -11"><span class='ocrx_word' id='word_1_410' title='bbox 987 1982 1042 2022; x_wconf 83' lang='grc'>38,</span> <span class='ocrx_word' id='word_1_411' title='bbox 1072 1983 1113 2013; x_wconf 90' lang='grc'>11</span> <span class='ocrx_word' id='word_1_412' title='bbox 1141 1979 1216 2024; x_wconf 89' lang='lat' dir='ltr'>(bei</span> <span class='ocrx_word' id='word_1_413' title='bbox 1236 1978 1309 2014; x_wconf 84' lang='lat' dir='ltr'>Cic.</span> <span class='ocrx_word' id='word_1_414' title='bbox 1329 1991 1364 2013; x_wconf 90' lang='lat' dir='ltr'>u.</span> <span class='ocrx_word' id='word_1_415' title='bbox 1385 1978 1488 2014; x_wconf 86' lang='lat' dir='ltr'>Caes.</span> <span class='ocrx_word' id='word_1_416' title='bbox 1514 1978 1630 2014; x_wconf 86' lang='lat' dir='ltr'>findet</span> <span class='ocrx_word' id='word_1_417' title='bbox 1651 1978 1730 2013; x_wconf 86' lang='lat' dir='ltr'>sich</span> 
     </span>
     <span class='ocr_line' id='line_1_66' title="bbox 987 2025 1266 2071; baseline -0.004 -10"><span class='ocrx_word' id='word_1_418' title='bbox 987 2025 1112 2061; x_wconf 88' lang='lat' dir='ltr'>beides</span> <span class='ocrx_word' id='word_1_419' title='bbox 1137 2026 1266 2071; x_wconf 88' lang='lat' dir='ltr'>nicht).</span> 
     </span>
    </p>

    <p class='ocr_par' dir='ltr' id='par_1_19' title="bbox 987 2072 1731 2354">
     <span class='ocr_line' id='line_1_67' title="bbox 1036 2072 1730 2119; baseline -0.001 -11"><span class='ocrx_word' id='word_1_420' title='bbox 1036 2078 1066 2108; x_wconf 92' lang='lat'>3.</span> <span class='ocrx_word' id='word_1_421' title='bbox 1081 2073 1132 2119; x_wconf 76' lang='lat' dir='ltr'>se]</span> <span class='ocrx_word' id='word_1_422' title='bbox 1147 2073 1250 2108; x_wconf 80' lang='lat' dir='ltr'>nicht</span> <span class='ocrx_word' id='word_1_423' title='bbox 1261 2073 1320 2108; x_wconf 84' lang='lat' dir='ltr'>die</span> <span class='ocrx_word' id='word_1_424' title='bbox 1335 2072 1556 2115; x_wconf 72' lang='lat' dir='ltr'>Gesaudten,</span> <span class='ocrx_word' id='word_1_425' title='bbox 1572 2072 1730 2108; x_wconf 88' lang='lat' dir='ltr'>sondern</span> 
     </span>
     <span class='ocr_line' id='line_1_68' title="bbox 988 2119 1731 2166; baseline -0.003 -10"><span class='ocrx_word' id='word_1_426' title='bbox 988 2121 1041 2156; x_wconf 88' lang='lat' dir='ltr'>sie</span> <span class='ocrx_word' id='word_1_427' title='bbox 1066 2121 1141 2155; x_wconf 86' lang='lat' dir='ltr'>und</span> <span class='ocrx_word' id='word_1_428' title='bbox 1166 2121 1244 2155; x_wconf 88' lang='lat' dir='ltr'>ihre</span> <span class='ocrx_word' id='word_1_429' title='bbox 1269 2120 1492 2165; x_wconf 76' lang='lat' dir='ltr'>Mitbfirger‚</span> <span class='ocrx_word' id='word_1_430' title='bbox 1521 2119 1642 2155; x_wconf 88' lang='lat' dir='ltr'>einem</span> <span class='ocrx_word' id='word_1_431' title='bbox 1668 2131 1731 2166; x_wconf 85' lang='lat' dir='ltr'>ge-</span> 
     </span>
     <span class='ocr_line' id='line_1_69' title="bbox 987 2167 1730 2212; baseline -0.001 -9"><span class='ocrx_word' id='word_1_432' title='bbox 987 2167 1223 2203; x_wconf 75' lang='lat' dir='ltr'>wohnlichen</span> <span class='ocrx_word' id='word_1_433' title='bbox 1273 2167 1625 2212; x_wconf 84' lang='lat' dir='ltr'>Sprachgebrauche</span> <span class='ocrx_word' id='word_1_434' title='bbox 1672 2179 1730 2202; x_wconf 88' lang='lat' dir='ltr'>zu-</span> 
     </span>
     <span class='ocr_line' id='line_1_70' title="bbox 988 2214 1730 2260; baseline -0.003 -10"><span class='ocrx_word' id='word_1_435' title='bbox 988 2215 1101 2260; x_wconf 86' lang='lat' dir='ltr'>folge,</span> <span class='ocrx_word' id='word_1_436' title='bbox 1120 2215 1216 2249; x_wconf 87' lang='lat' dir='ltr'>nach</span> <span class='ocrx_word' id='word_1_437' title='bbox 1236 2215 1415 2250; x_wconf 88' lang='lat' dir='ltr'>welchem</span> <span class='ocrx_word' id='word_1_438' title='bbox 1428 2214 1666 2259; x_wconf 86' lang='lat' dir='ltr'>Abgesandte</span> <span class='ocrx_word' id='word_1_439' title='bbox 1680 2214 1730 2248; x_wconf 90' lang='lat' dir='ltr'>im</span> 
     </span>
     <span class='ocr_line' id='line_1_71' title="bbox 989 2261 1731 2307; baseline -0.001 -10"><span class='ocrx_word' id='word_1_440' title='bbox 989 2263 1022 2297; x_wconf 88' lang='lat' dir='ltr'>N</span> <span class='ocrx_word' id='word_1_441' title='bbox 1025 2273 1132 2297; x_wconf 83' lang='lat' dir='ltr'>amen</span> <span class='ocrx_word' id='word_1_442' title='bbox 1151 2262 1250 2297; x_wconf 86' lang='lat' dir='ltr'>ihrer</span> <span class='ocrx_word' id='word_1_443' title='bbox 1263 2262 1536 2307; x_wconf 78' lang='lat' dir='ltr'>Austraggeber</span> <span class='ocrx_word' id='word_1_444' title='bbox 1554 2273 1592 2297; x_wconf 89' lang='lat' dir='ltr'>so</span> <span class='ocrx_word' id='word_1_445' title='bbox 1606 2261 1731 2305; x_wconf 84' lang='lat' dir='ltr'>reden,</span> 
     </span>
     <span class='ocr_line' id='line_1_72' title="bbox 990 2309 1638 2354; baseline 0 -10"><span class='ocrx_word' id='word_1_446' title='bbox 990 2310 1043 2344; x_wconf 89' lang='lat' dir='ltr'>als</span> <span class='ocrx_word' id='word_1_447' title='bbox 1068 2321 1175 2344; x_wconf 86' lang='lat' dir='ltr'>wenn</span> <span class='ocrx_word' id='word_1_448' title='bbox 1195 2309 1282 2354; x_wconf 87' lang='lat' dir='ltr'>jene</span> <span class='ocrx_word' id='word_1_449' title='bbox 1309 2309 1425 2344; x_wconf 82' lang='lat' dir='ltr'>selbst</span> <span class='ocrx_word' id='word_1_450' title='bbox 1448 2309 1638 2353; x_wconf 71' lang='lat' dir='ltr'>sprachen.</span> 
     </span>
    </p>

    <p class='ocr_par' dir='ltr' id='par_1_20' title="bbox 986 2356 1732 2534">
     <span class='ocr_line' id='line_1_73' title="bbox 1035 2356 1732 2403; baseline -0.001 -11"><span class='ocrx_word' id='word_1_451' title='bbox 1035 2358 1165 2392; x_wconf 48' lang='lat' dir='ltr'>‘iterum</span> <span class='ocrx_word' id='word_1_452' title='bbox 1192 2377 1235 2381; x_wconf 91' lang='lat'>—</span> <span class='ocrx_word' id='word_1_453' title='bbox 1260 2357 1393 2403; x_wconf 70' lang='lat' dir='ltr'>redire]</span> <span class='ocrx_word' id='word_1_454' title='bbox 1418 2356 1555 2391; x_wconf 85' lang='lat' dir='ltr'>wieder</span> <span class='ocrx_word' id='word_1_455' title='bbox 1579 2356 1732 2391; x_wconf 72' lang='lat' dir='ltr'>zuriick·</span> 
     </span>
     <span class='ocr_line' id='line_1_74' title="bbox 989 2403 1732 2447; baseline -0.001 -8"><span class='ocrx_word' id='word_1_456' title='bbox 989 2405 1147 2447; x_wconf 80' lang='lat' dir='ltr'>kehren3</span> <span class='ocrx_word' id='word_1_457' title='bbox 1162 2404 1230 2439; x_wconf 89' lang='lat' dir='ltr'>mit</span> <span class='ocrx_word' id='word_1_458' title='bbox 1238 2403 1339 2438; x_wconf 89' lang='lat' dir='ltr'>einer</span> <span class='ocrx_word' id='word_1_459' title='bbox 1352 2404 1448 2439; x_wconf 88' lang='lat' dir='ltr'>auch</span> <span class='ocrx_word' id='word_1_460' title='bbox 1461 2403 1511 2437; x_wconf 87' lang='lat' dir='ltr'>im</span> <span class='ocrx_word' id='word_1_461' title='bbox 1520 2404 1732 2439; x_wconf 90' lang='lat' dir='ltr'>Deutschen</span> 
     </span>
     <span class='ocr_line' id='line_1_75' title="bbox 986 2450 1731 2497; baseline 0 -11"><span class='ocrx_word' id='word_1_462' title='bbox 986 2451 1160 2486; x_wconf 76' lang='lat' dir='ltr'>fiblichen</span> <span class='ocrx_word' id='word_1_463' title='bbox 1189 2450 1422 2497; x_wconf 78' lang='lat' dir='ltr'>Tautologie.</span> <span class='ocrx_word' id='word_1_464' title='bbox 1469 2451 1553 2496; x_wconf 88' lang='lat' dir='ltr'><strong>Vgl.</strong></span> <span class='ocrx_word' id='word_1_465' title='bbox 1586 2451 1652 2495; x_wconf 82' lang='lat'>29,</span> <span class='ocrx_word' id='word_1_466' title='bbox 1687 2455 1731 2486; x_wconf 89' lang='grc'>30</span> 
     </span>
     <span class='ocr_line' id='line_1_76' title="bbox 988 2499 1338 2534; baseline -0.006 0"><span class='ocrx_word' id='word_1_467' title='bbox 988 2503 1009 2533; x_wconf 88' lang='lat'>4</span> <span class='ocrx_word' id='word_1_468' title='bbox 1034 2503 1128 2534; x_wconf 74' lang='lat' dir='ltr'>retro</span> <span class='ocrx_word' id='word_1_469' title='bbox 1153 2499 1338 2534; x_wconf 73' lang='lat' dir='ltr'>remittere.</span> 
     </span>
    </p>

    <p class='ocr_par' dir='ltr' id='par_1_21' title="bbox 988 2545 1734 2910">
     <span class='ocr_line' id='line_1_77' title="bbox 1034 2545 1732 2591; baseline 0.001 -12"><span class='ocrx_word' id='word_1_470' title='bbox 1034 2550 1067 2580; x_wconf 84' lang='lat'><strong>4.</strong></span> <span class='ocrx_word' id='word_1_471' title='bbox 1104 2547 1206 2581; x_wconf 64' lang='lat' dir='ltr'>wallo</span> <span class='ocrx_word' id='word_1_472' title='bbox 1242 2556 1307 2581; x_wconf 80' lang='lat' dir='ltr'>suo</span> <span class='ocrx_word' id='word_1_473' title='bbox 1346 2545 1492 2591; x_wconf 75' lang='lat' dir='ltr'>merito]</span> <span class='ocrx_word' id='word_1_474' title='bbox 1538 2555 1602 2580; x_wconf 80' lang='lat' dir='ltr'>suo</span> <span class='ocrx_word' id='word_1_475' title='bbox 1641 2546 1732 2580; x_wconf 87' lang='lat' dir='ltr'>statt</span> 
     </span>
     <span class='ocr_line' id='line_1_78' title="bbox 990 2592 1731 2637; baseline 0 -10"><span class='ocrx_word' id='word_1_476' title='bbox 990 2592 1052 2628; x_wconf 85' lang='lat' dir='ltr'>des</span> <span class='ocrx_word' id='word_1_477' title='bbox 1077 2592 1218 2637; x_wconf 87' lang='lat' dir='ltr'>genitiv</span> <span class='ocrx_word' id='word_1_478' title='bbox 1239 2592 1392 2637; x_wconf 86' lang='lat' dir='ltr'>subject.</span> <span class='ocrx_word' id='word_1_479' title='bbox 1414 2609 1458 2622; x_wconf 95' lang='lat'><strong><em>=</em></strong></span> <span class='ocrx_word' id='word_1_480' title='bbox 1479 2592 1731 2627; x_wconf 88' lang='lat' dir='ltr'>Verschulden</span> 
     </span>
     <span class='ocr_line' id='line_1_79' title="bbox 988 2639 1731 2683; baseline 0.001 -10"><span class='ocrx_word' id='word_1_481' title='bbox 988 2639 1194 2682; x_wconf 83' lang='lat' dir='ltr'>ihrerseits3</span> <span class='ocrx_word' id='word_1_482' title='bbox 1233 2653 1260 2673; x_wconf 88' lang='lat' dir='ltr'><strong>z.</strong></span> <span class='ocrx_word' id='word_1_483' title='bbox 1300 2640 1339 2675; x_wconf 92' lang='lat' dir='ltr'><strong>B.</strong></span> <span class='ocrx_word' id='word_1_484' title='bbox 1378 2651 1407 2674; x_wconf 89' lang='lat' dir='ltr'>c.</span> <span class='ocrx_word' id='word_1_485' title='bbox 1447 2643 1509 2682; x_wconf 88' lang='lat'>22,</span> <span class='ocrx_word' id='word_1_486' title='bbox 1547 2643 1567 2673; x_wconf 90' lang='grc'><strong>3</strong></span> <span class='ocrx_word' id='word_1_487' title='bbox 1606 2650 1731 2683; x_wconf 75' lang='lat' dir='ltr'>pauca</span> 
     </span>
     <span class='ocr_line' id='line_1_80' title="bbox 989 2686 1731 2731; baseline 0 -11"><span class='ocrx_word' id='word_1_488' title='bbox 989 2697 1056 2720; x_wconf 76' lang='lat' dir='ltr'>sua</span> <span class='ocrx_word' id='word_1_489' title='bbox 1085 2687 1211 2721; x_wconf 74' lang='lat' dir='ltr'>verba:</span> <span class='ocrx_word' id='word_1_490' title='bbox 1237 2686 1379 2731; x_wconf 83' lang='lat' dir='ltr'>wenige</span> <span class='ocrx_word' id='word_1_491' title='bbox 1400 2686 1527 2721; x_wconf 88' lang='lat' dir='ltr'>Worte</span> <span class='ocrx_word' id='word_1_492' title='bbox 1547 2696 1617 2720; x_wconf 90' lang='lat' dir='ltr'>von</span> <span class='ocrx_word' id='word_1_493' title='bbox 1642 2686 1731 2720; x_wconf 87' lang='lat' dir='ltr'>ihm.</span> 
     </span>
     <span class='ocr_line' id='line_1_81' title="bbox 991 2732 1732 2767; baseline 0.001 -1"><span class='ocrx_word' id='word_1_494' title='bbox 991 2754 1034 2758; x_wconf 84' lang='lat'>—</span> <span class='ocrx_word' id='word_1_495' title='bbox 1055 2732 1107 2767; x_wconf 91' lang='lat' dir='ltr'>Zu</span> <span class='ocrx_word' id='word_1_496' title='bbox 1130 2734 1296 2767; x_wconf 77' lang='lat' dir='ltr'>meritum</span> <span class='ocrx_word' id='word_1_497' title='bbox 1317 2733 1354 2767; x_wconf 89' lang='lat' dir='ltr'>in</span> <span class='ocrx_word' id='word_1_498' title='bbox 1375 2732 1601 2767; x_wconf 86' lang='lat' dir='ltr'>schlechtem</span> <span class='ocrx_word' id='word_1_499' title='bbox 1621 2732 1732 2767; x_wconf 87' lang='lat' dir='ltr'>Sinne</span> 
     </span>
     <span class='ocr_line' id='line_1_82' title="bbox 990 2779 1732 2824; baseline 0.001 -11"><span class='ocrx_word' id='word_1_500' title='bbox 990 2779 1065 2824; x_wconf 80' lang='lat' dir='ltr'><strong>vgl.</strong></span> <span class='ocrx_word' id='word_1_501' title='bbox 1110 2779 1175 2823; x_wconf 84' lang='lat'>25,</span> <span class='ocrx_word' id='word_1_502' title='bbox 1213 2784 1251 2822; x_wconf 88' lang='grc'>6,</span> <span class='ocrx_word' id='word_1_503' title='bbox 1291 2783 1312 2813; x_wconf 87' lang='grc'>4</span> <span class='ocrx_word' id='word_1_504' title='bbox 1348 2780 1443 2824; x_wconf 78' lang='lat' dir='ltr'>quod</span> <span class='ocrx_word' id='word_1_505' title='bbox 1486 2779 1527 2814; x_wconf 87' lang='lat' dir='ltr'>ob</span> <span class='ocrx_word' id='word_1_506' title='bbox 1567 2781 1732 2815; x_wconf 73' lang='lat' dir='ltr'>meritmn</span> 
     </span>
     <span class='ocr_line' id='line_1_83' title="bbox 990 2826 1734 2872; baseline 0.004 -12"><span class='ocrx_word' id='word_1_507' title='bbox 990 2830 1173 2869; x_wconf 69' lang='lat' dir='ltr'>nostrum;</span> <span class='ocrx_word' id='word_1_508' title='bbox 1208 2826 1274 2868; x_wconf 77' lang='lat'>28,</span> <span class='ocrx_word' id='word_1_509' title='bbox 1309 2830 1371 2870; x_wconf 80' lang='grc'>27,</span> <span class='ocrx_word' id='word_1_510' title='bbox 1407 2830 1447 2860; x_wconf 88' lang='grc'>13</span> <span class='ocrx_word' id='word_1_511' title='bbox 1481 2827 1609 2871; x_wconf 74' lang='lat' dir='ltr'>patria</span> <span class='ocrx_word' id='word_1_512' title='bbox 1645 2828 1734 2872; x_wconf 77' lang='lat' dir='ltr'>quid</span> 
     </span>
     <span class='ocr_line' id='line_1_84' title="bbox 993 2873 1370 2910; baseline -0.003 0"><span class='ocrx_word' id='word_1_513' title='bbox 993 2875 1035 2910; x_wconf 76' lang='lat' dir='ltr'>de</span> <span class='ocrx_word' id='word_1_514' title='bbox 1059 2873 1157 2909; x_wconf 68' lang='lat' dir='ltr'>vobis</span> <span class='ocrx_word' id='word_1_515' title='bbox 1184 2877 1370 2909; x_wconf 76' lang='lat' dir='ltr'>meruerat.</span> 
     </span>
    </p>

    <p class='ocr_par' dir='ltr' id='par_1_22' title="bbox 1041 2920 1734 2967">
     <span class='ocr_line' id='line_1_85' title="bbox 1041 2920 1734 2967; baseline 0.003 -12"><span class='ocrx_word' id='word_1_516' title='bbox 1041 2921 1151 2965; x_wconf 71' lang='lat' dir='ltr'>meryi</span> <span class='ocrx_word' id='word_1_517' title='bbox 1169 2921 1276 2967; x_wconf 73' lang='lat' dir='ltr'>freto]</span> <span class='ocrx_word' id='word_1_518' title='bbox 1290 2920 1453 2956; x_wconf 69' lang='lat' dir='ltr'>namlich</span> <span class='ocrx_word' id='word_1_519' title='bbox 1468 2920 1606 2965; x_wconf 81' lang='lat' dir='ltr'>Siculo3</span> <span class='ocrx_word' id='word_1_520' title='bbox 1621 2923 1734 2967; x_wconf 63' lang='lat' dir='ltr'>met-92*</span> 
     </span>
    </p>
   </div>
  </div>
 </body>
</html>
