1963 3308
202 678 223 711 8
249 672 430 713 classem
461 671 662 713 habebat.

251 152 307 194 82
759 153 904 187 LIBER
928 153 1059 188 XXVI.
1110 153 1212 190 CAP.
1239 157 1294 189 39.

1654 171 1680 188 5,.
1702 171 1730 189 u.
1750 165 1813 190 544.

254 261 381 303 Velia
413 263 455 302 et
488 276 512 302 a
539 260 695 301 Paesto
729 260 894 301 debitas
927 274 977 301 ex
1008 259 1178 302 foedere
1209 261 1416 315 exigendo
1448 262 1628 303 classem
1659 262 1814 317 viginti

205 328 226 359 6
252 320 444 373 navium,
471 319 584 360 sicut
609 320 706 359 ante
734 318 894 359 dictum
921 320 1005 372 est,
1032 318 1183 360 effecit.
1232 318 1334 360 huic
1360 319 1414 360 ab
1433 320 1570 375 Regio
1596 320 1814 374 profectae

253 378 380 419 classi
398 377 676 419 Democrates
700 391 796 419 cum
821 377 916 431 pari
940 377 1116 418 navium
1137 376 1468 419 Tarentinarum
1487 393 1662 421 numero
1691 380 1816 434 quin-

252 436 388 478 decim
421 436 540 477 milia
569 435 703 477 ferme
736 436 788 477 ab
821 436 926 477 urbe
959 436 1012 476 ad
1044 434 1339 490 Sapriportem
1372 436 1523 478 obvius
1553 438 1645 480 fuit.

1705 438 1812 480 velis

205 503 223 533 7
250 498 343 536 tum
374 495 487 537 forte
514 495 780 548 improvidus
811 494 947 535 futuri
975 494 1223 536 certaminis
1242 493 1463 536 Romanus
1490 496 1706 550 veniebat,
1739 497 1813 538 sed

251 554 365 596 circa
415 552 646 595 Crotonem
692 552 974 607 Sybarimque
1020 553 1294 607 suppleverat
1341 553 1522 608 remigio
1571 568 1700 596 naves
1750 555 1815 596 in-

251 614 543 667 structamque
595 614 637 654 et
687 614 897 654 armatam
949 612 1118 667 egregie
1169 627 1246 665 pro
1297 612 1591 666 magnitudine
1639 614 1812 655 navium

725 674 768 712 et
797 674 890 712 tum
922 670 1033 712 forte
1068 671 1144 711 sub
1178 671 1290 711 idem
1327 673 1497 725 tempus
1531 673 1573 712 et
1604 672 1719 712 venti
1748 672 1813 714 vis

251 731 389 772 omnis
423 730 576 772 cecidit
608 734 650 771 et
681 730 827 771 hostes
858 730 903 770 in
932 732 1162 783 conspectu
1194 729 1330 782 fuere,
1362 731 1410 770 ut
1443 730 1494 771 ad
1522 730 1814 784 componenda

250 791 517 830 armamenta
542 788 932 843 expediendumque
963 788 1169 843 remigem
1203 802 1251 829 ac
1283 788 1464 829 militem
1498 789 1551 829 ad
1582 789 1811 831 imminens

202 857 223 888 9
251 850 465 889 certamen
498 847 602 888 satis
635 847 842 901 temporis
875 849 997 888 esset.
1051 861 1148 888 raro
1183 847 1288 888 alias
1320 847 1454 888 tantis
1488 847 1642 888 animis
1674 847 1812 889 iustae

251 907 557 948 concurrerunt
597 906 772 959 classes,
818 905 975 960 quippe
1020 920 1115 946 cum
1159 905 1202 946 in
1246 906 1422 947 maioris
1468 905 1696 947 discrimen
1739 907 1820 961 rei„

180 974 223 1006 10
251 979 379 1020 quam
417 965 537 1019 ipsae
576 968 717 1018 erant,
754 966 1012 1019 pugnarent:
1055 963 1295 1018 Tarentini,
1333 967 1382 1005 ut
1419 968 1670 1018 recuperata
1707 965 1817 1006 urbe

251 1025 304 1065 ab
330 1023 538 1065 Romanis
571 1026 671 1078 post
703 1023 983 1064 centesimum
1015 1037 1149 1077 prope
1182 1036 1342 1063 annum
1375 1037 1515 1064 arcem
1548 1024 1677 1065 etiam
1709 1024 1813 1065 libe-2

249 1086 412 1133 rarent,
446 1098 519 1136 spe
546 1085 808 1124 commeatus
837 1096 1005 1136 quoque
1037 1081 1255 1134 hostibus,
1288 1081 1323 1122 si
1349 1081 1493 1122 navali
1521 1082 1684 1136 proelio
1716 1097 1815 1136 pos-

182 1153 222 1183 11
251 1142 487 1183 sessionem
514 1142 646 1182 maris
673 1141 950 1193 ademissent,
982 1141 1309 1193 interclusuros;
1342 1139 1548 1194 Romani,
1576 1143 1624 1181 ut
1648 1143 1815 1183 retenta

249 1201 522 1255 possessione
549 1200 659 1241 arcis
687 1199 961 1242 ostenderent
993 1214 1082 1241 non
1112 1199 1154 1240 vi
1183 1213 1231 1240 ac
1256 1199 1431 1253 virtute,
1468 1199 1541 1240 sed
1573 1199 1814 1253 proditione

180 1271 221 1302 12
251 1274 297 1300 ac
335 1259 451 1301 furto
485 1259 718 1300 Tarentum
758 1259 976 1301 amissum.

247 1410 514 1445 Unteritaliens
570 1421 692 1445 waren
749 1409 994 1454 verpfiichtet‚

250 1457 384 1492 Schiffe
416 1458 473 1492 fiir
498 1458 593 1493 Rom
625 1470 668 1491 zu
695 1457 838 1492 stellen.
885 1469 906 1491 a
933 1456 992 1491 be—

248 1505 417 1539 zeichnet
454 1505 514 1540 bei
557 1505 658 1539 Velia
698 1516 766 1538 nur
804 1504 875 1538 den
916 1503 993 1547 Ort,

247 1563 320 1587 von
358 1551 537 1586 welchem
577 1551 636 1586 die
670 1550 872 1595 Handlung
911 1562 992 1585 aus·

248 1599 346 1643 geht.
399 1599 482 1643 Vgl.
511 1603 529 1641 ξ
557 1603 574 1633 1
604 1611 626 1633 α
653 1598 795 1633 Sicilia.

296 1657 339 1680 ex
381 1647 535 1692 foedere]
577 1646 671 1681 nach
716 1646 780 1679 der
818 1644 995 1679 Matrikel

247 1694 438 1737 (formula)
475 1693 566 1728 fiber
611 1693 668 1727 die
708 1692 879 1736 Stellung
921 1703 994 1726 von

247 1740 541 1784 Kontingenten,
595 1740 735 1774 welche
785 1739 846 1774 bei
895 1739 993 1773 allen

248 1787 578 1831 Bundesgenossen
593 1786 809 1821 vorhanden
823 1797 908 1820 war.
933 1786 993 1821 27.

251 1838 306 1877 10,
336 1838 355 1868 2
390 1835 515 1878 ecquid
546 1835 676 1868 milites
714 1844 763 1867 esc
800 1834 993 1876 formula

242 1884 397 1926 paratos
421 1882 600 1916 habereiit.

297 1933 326 1963 6.
341 1929 385 1963 ab
397 1929 501 1974 urbe]
516 1928 681 1962 n'amlich
696 1938 766 1962 von
779 1927 992 1970 Tarentum,

249 1975 330 2010 eine
353 1974 688 2017 Ausdrucksweise,
715 1974 774 2008 die
801 1975 901 2008 wohl
927 1986 991 2008 aus

249 2023 314 2057 der
362 2023 442 2057 hier
492 2023 689 2057 benutzten
736 2021 865 2063 Quelle
915 2023 992 2056 ent-

248 2081 421 2104 nommen
447 2070 512 2111 ist,
542 2072 643 2104 sonst
664 2070 708 2103 ab
729 2069 816 2103 urle
836 2070 926 2103 stets
948 2085 990 2097 =

249 2128 272 2151 α
294 2116 422 2150 Roma.

297 2164 345 2198 ad
371 2163 637 2208 Sapriportem]
669 2163 774 2197 nieht
803 2163 917 2197 naher
949 2175 992 2196 zu

248 2210 516 2244 bestimmende
543 2209 778 2244 Ortlichkeit.

297 2261 327 2292 7
348 2258 434 2292 veles
454 2278 496 2282 —
520 2256 695 2301 veniebat]
723 2255 822 2289 ‘fuhr
842 2255 910 2289 mit
931 2256 990 2289 Se-

248 2305 346 2349 geln,
366 2307 476 2338 unter
502 2303 650 2348 Segeln’
663 2318 670 2345 3
698 2303 756 2337 ein
782 2303 846 2336 der
865 2303 990 2337 moda—

248 2352 308 2386 len
322 2351 543 2395 Bedeutung
561 2351 784 2395 genaherter
801 2349 920 2384 Ablat.
938 2350 989 2383 in-

249 2400 376 2432 strum.
411 2397 470 2440 23,
487 2401 541 2440 38,
558 2402 577 2431 ‘2
598 2409 674 2431 cum
696 2400 838 2440 praeter
859 2397 991 2431 Cumas

247 2445 334 2478 velis
370 2445 562 2487 ferrentur.
614 2444 678 2486 28,
716 2448 777 2486 30,
819 2447 860 2477 12
905 2444 991 2478 velis

248 2492 499 2526 transmittere.
551 2491 602 2525 Zu
630 2492 751 2525 venire
777 2507 820 2519 =
847 2490 989 2532 fahren,

249 2539 375 2582 segeln
401 2538 474 2583 vgl.
496 2538 555 2581 21,
573 2541 630 2582 49,
650 2542 669 2572 9
695 2538 849 2572 sublatis
875 2548 992 2571 arma-

247 2586 378 2620 mentis
403 2586 600 2620 veniebant.

296 2633 391 2666 eirea
420 2631 605 2666 Crotonem
638 2631 891 2677 Sybarimque]
925 2631 993 2665 mit

250 2690 315 2724 que
336 2691 380 2713 zu
401 2679 524 2713 einer
545 2677 898 2723 Ortsbestimmung:
920 2690 990 2713 we-

249 2738 320 2770 gen
358 2726 422 2760 der
460 2726 734 2760 benachbarten
772 2726 873 2770 Lage
912 2737 992 2760 ver-

247 2773 396 2807 bunden
423 2772 523 2817 (Syb.
551 2772 661 2807 heisst
690 2773 793 2807 sonst
824 2771 886 2807 bei
912 2772 990 2807 Liv.

250 2820 392 2863 Thurii)
419 2819 477 2854 die
505 2819 635 2854 St'adte
662 2820 743 2854 sind
768 2820 864 2854 nach
890 2819 950 2862 24,
972 2823 991 2854 3

248 2867 421 2910 punisch3
443 2867 557 2901 daher
573 2867 632 2901 die
647 2867 875 2911 Aushebung
895 2867 991 2900 eirca

242 2912 304 2946 “in
331 2913 394 2947 der
419 2913 652 2958 Umgegend’
682 2913 827 2957 erfolgt.

1039 1259 1184 1312 itaque
1222 1272 1272 1298 ex
1310 1260 1489 1312 utraque
1527 1261 1649 1312 parte
1688 1259 1813 1314 signo

1115 1409 1272 1452 supplev.
1306 1409 1454 1453 remzyio
1486 1409 1609 1454 naves]
1639 1410 1732 1443 statt
1760 1420 1812 1444 re-

1069 1457 1217 1500 miyium
1242 1457 1391 1490 nmium
1410 1457 1588 1500 supplere,
1615 1456 1684 1490 wie
1705 1456 1764 1499 23,
1780 1459 1815 1500 5,

1069 1507 1088 1537 6
1115 1504 1208 1537 nihil
1228 1514 1272 1536 ne
1291 1503 1387 1547 quod
1405 1504 1651 1546 suppleremus
1670 1484 1815 1548 quidem⁷

1067 1551 1171 1584 nobis
1196 1550 1341 1594 reliquit
1366 1549 1517 1591 fortuna
1533 1567 1577 1579 =
1592 1550 1714 1584 nichts
1737 1561 1815 1585 was

1068 1598 1134 1631 wir
1184 1597 1297 1631 durch
1341 1595 1563 1641 Erganzung
1611 1597 1815 1642 vollzahlig

1068 1644 1226 1678 machen
1251 1643 1426 1678 konnten.

1115 1694 1146 1727 8,
1174 1692 1270 1725 venti
1291 1691 1345 1724 vis
1367 1718 1373 1725 .
1395 1719 1401 1725 .
1426 1717 1431 1723 .
1454 1691 1595 1736 cecidit]
1617 1691 1706 1726 cado
1727 1702 1810 1726 vom

1066 1738 1201 1772 Winde
1239 1737 1366 1782 h'aufig
1403 1736 1469 1781 29,
1503 1741 1564 1781 27,
1606 1741 1648 1772 10
1686 1741 1816 1772 ventus

1067 1786 1203 1820 cecidit.
1243 1784 1302 1827 36,
1324 1788 1380 1827 43,
1406 1789 1445 1818 11
1482 1785 1685 1819 ceciderunt
1710 1785 1815 1829 aqui-

1069 1833 1174 1867 lones.

1115 1880 1357 1924 componenda
1373 1879 1610 1924 armamenta]
1630 1878 1729 1913 ‘zum
1743 1877 1813 1914 Ge-

1067 1927 1168 1960 fecht
1192 1926 1274 1960 klar
1299 1926 1492 1967 machen';
1528 1925 1609 1960 hier
1634 1925 1672 1960 in
1698 1927 1817 1961 erster

1065 1972 1171 2008 Linie
1218 1972 1298 2007 ‘die
1339 1973 1447 2017 Segel
1490 1973 1715 2017 einziehen',
1758 1973 1813 2007 in-

1066 2020 1196 2055 dessen
1227 2019 1442 2054 bezeichnet
1468 2024 1692 2055 armamenta
1720 2019 1812 2055 alles

1066 2078 1141 2101 was
1171 2079 1235 2101 zur
1260 2067 1448 2112 Takelage
1478 2067 1552 2100 und
1578 2067 1816 2112 Ausri'istung

1066 2114 1208 2159 gehort.

1114 2166 1145 2197 9.
1175 2162 1318 2195 iustae.
1347 2189 1353 2195 .
1383 2189 1388 2194 .
1411 2160 1555 2204 classes]
1582 2160 1660 2194 Den
1685 2160 1813 2195 classes

1065 2208 1211 2242 werden
1233 2208 1348 2241 animi
1373 2207 1578 2250 beigelegt‚
1604 2206 1728 2241 indem
1752 2207 1815 2242 die

1064 2254 1351 2299 Eigenschaften
1393 2254 1458 2288 der
1496 2253 1694 2288 Menschen
1734 2253 1812 2288 sich

1065 2302 1130 2335 auf
1147 2301 1205 2335 die
1226 2300 1360 2335 Sehiffe
1381 2313 1424 2334 zu
1449 2299 1674 2344 fibertragen
1695 2300 1827 2335 schei-·

1063 2359 1145 2383 nen.
1173 2348 1231 2391 10,
1247 2351 1278 2390 2,
1297 2352 1338 2382 12
1354 2358 1464 2382 nai-es
1479 2368 1521 2372 —
1536 2348 1666 2381 hostem
1686 2348 1812 2382 timen-

1064 2398 1122 2430 tes,
1157 2394 1217 2438 27,
1237 2399 1292 2438 31,
1315 2399 1334 2429 3
1362 2395 1487 2429 elassis
1513 2394 1608 2428 laeta
1626 2406 1660 2428 u.
1682 2406 1713 2429 a.

1111 2443 1245 2486 quippe
1278 2442 1372 2487 eum]
1403 2441 1603 2476 ‘nattirlich
1628 2441 1708 2484 da'3
1746 2441 1812 2476 der

1063 2489 1242 2523 kaus—alen
1268 2488 1525 2534 Konjunktion
1549 2488 1599 2523 ist
1633 2500 1697 2522 zur
1720 2488 1810 2523 Her-

1066 2536 1284 2580 vorhebung
1303 2536 1366 2570 des
1387 2535 1554 2570 Grundes
1578 2536 1710 2579 quippe
1729 2546 1810 2570 vor-

1066 2584 1223 2627 gesetzt3
1251 2583 1345 2617 auch
1370 2582 1560 2617 bisweilen
1586 2582 1645 2616 bei
1670 2581 1809 2616 Cicero.

1116 2634 1169 2663 11.
1196 2631 1233 2665 vi
1258 2641 1301 2664 ac
1325 2629 1472 2675 virtute]
1499 2628 1661 2663 beliebte
1688 2628 1808 2663 allite-

1066 2676 1232 2712 rierende
1271 2677 1529 2720 Verbindung‚
1578 2674 1689 2709 meist
1737 2675 1808 2709 mit

1067 2735 1127 2767 ae,
1178 2724 1296 2758 selten
1346 2724 1416 2757 mit
1461 2726 1503 2756 et.
1559 2721 1642 2765 Vgl.
1682 2732 1711 2756 c.
1751 2725 1809 2765 37,

1067 2775 1099 2805 2.
1141 2770 1270 2804 ‘durch
1310 2769 1450 2813 mutige
1486 2768 1612 2802 That'.
1665 2767 1808 2813 Gegen-

1067 2820 1159 2852 satz:
1185 2817 1395 2861 proditione
1422 2826 1465 2850 ac
1489 2816 1588 2857 furto
1609 2831 1653 2843 =
1676 2815 1807 2850 ‘durch

1065 2864 1281 2898 tfickischen
1307 2862 1468 2897 Verrat'.

1113 2910 1228 2955 furto]
1258 2908 1475 2944 bezeichnet
1498 2908 1715 2951 heimliche,
1744 2908 1813 2943 auf
