1963 3308
207 220 293 262 116
600 209 607 214 '
720 215 1016 253 KRITISCHER
1040 216 1258 252 ANHANG.

302 327 352 361 ib.
387 329 428 360 13
462 328 577 360 aetate
609 327 640 358 et
670 324 790 367 forma
820 325 985 368 florentes
1016 323 1115 358 eirea
1145 334 1222 357 eam
1254 326 1358 358 erant
1389 323 1566 359 Indebilis
1596 323 1710 369 tiliae]
1737 326 1770 358 et

208 377 323 409 aetate
353 376 385 407 et
415 372 537 415 forma
560 372 586 413 f.
614 382 642 406 σ.
668 382 745 406 eam
776 370 954 405 Indibilis
977 370 1076 413 filiae
1100 373 1205 405 erant
1228 370 1325 405 nach
1350 370 1482 405 Luchs.
1531 370 1588 405 Da
1613 370 1649 406 S.
1676 371 1770 405 statt

209 420 273 455 des
299 419 337 453 in
357 419 395 453 P.
423 418 688 453 fiberlieferten
722 421 844 463 (eura)
868 418 1033 452 stimulat
1056 429 1126 451 nur
1149 418 1259 452 simul
1282 417 1360 460 hat,
1393 418 1577 452 vermubet
1600 417 1686 462 Leo,
1712 418 1767 451 rh.

208 467 300 501 Mus.
329 470 391 510 35,
422 477 456 510 p.
491 469 557 500 237
592 466 668 500 alia
699 477 752 500 me
784 466 887 510 angit
915 475 1006 500 σανα
1031 467 1181 499 aetatem
1205 465 1336 499 harum
1360 465 1557 499 intuentem
1581 490 1766 500 ......

209 542 215 548 .
245 543 251 550 .
280 541 287 548 .
314 513 433 548 Simul
463 516 495 548 et
525 516 640 547 aelate
671 516 703 547 et
733 513 854 555 forma
884 515 917 547 et
940 523 971 556 q.
998 522 1044 554 s.,
1075 511 1146 546 mit
1178 511 1381 546 Rficksieht
1411 510 1477 545 auf
1506 511 1578 545 den
1610 510 1767 555 Sprach·

207 560 412 642 gebrauch,
445 559 510 594 der
542 561 632 594 stets
664 570 754 594 σανα
784 560 889 604 anyit
919 559 1113 604 verlange,
1146 558 1251 593 nieht
1283 559 1457 593 stimulat.
1497 557 1564 601 27,
1594 560 1650 600 40,
1676 562 1708 592 2.
1736 561 1769 593 7.

236 608 268 652 7,
295 612 327 648 5,
355 611 385 643 8.

305 659 361 697 50,
389 658 409 689 9
436 655 638 689 adolescens
663 654 787 699 simul]
815 665 895 688 eum
921 653 1123 688 adolescens
1147 653 1256 687 simul
1283 652 1317 688 S.

305 701 489 747 iuvocare]
516 702 699 736 invocaret
725 701 764 736 P.
792 699 826 734 S.

305 752 411 794 atque
437 749 537 783 illius
561 759 647 793 erya
671 759 706 783 se
731 748 833 793 esset]
860 751 909 783 at.
935 748 959 782 i.
987 758 1073 792 erya
1097 758 1132 781 se
1156 748 1282 782 merito
1308 750 1393 781 esset
1421 746 1454 781 S.

306 800 367 839 51,
394 799 414 830 2
447 797 535 830 data
566 796 815 839 quinquereme
846 795 1067 838 captivisque
1096 798 1127 829 et
1153 793 1333 839 Mayone]
1366 795 1454 829 data
1481 794 1730 838 quinquereme
1754 803 1772 828 e

211 844 366 888 captivis
391 848 496 888 atque
524 843 684 887 Mayone
710 841 782 875 Md.
811 853 879 875 em.
906 842 946 877 L.
974 853 1007 886 p.
1037 845 1115 876 390.
