1963 3308
218 244 239 274 9

194 535 237 565 10

194 594 234 623 11

192 885 234 915 12

192 1061 234 1090 13

192 1178 235 1207 14

191 1411 233 1441 15

770 123 915 158 LIBER
939 123 1069 159 XXVI.
1120 122 1222 156 CAP.
1249 126 1281 158 5.
1663 141 1688 159 a.
1708 141 1736 159 u.
1757 134 1817 161 543.

268 124 322 165 10

268 231 365 273 ciali
408 232 600 285 equitatu
644 229 838 271 constitit
882 243 902 269 6
940 229 1114 283 regione
1150 229 1354 270 Vulturni
1392 231 1543 272 amnis.
1609 231 1818 285 proelium

264 305 352 332 non
379 289 508 331 solito
535 288 662 330 modo
689 288 873 329 clamore
900 301 948 328 ac
973 287 1160 328 tumultu
1186 290 1253 328 est
1278 290 1486 342 coeptum,
1513 290 1585 330 sed
1613 290 1666 330 ad
1687 290 1818 331 alium

264 349 464 399 virorum,
497 361 702 401 equorum
729 360 1029 400 armorumque
1055 360 1208 387 sonum
1233 346 1442 400 disposita
1467 348 1513 388 in
1537 349 1667 389 muris
1694 347 1817 390 Cam-

265 420 475 459 panorum
506 405 695 446 imbellis
728 404 957 445 multitudo
989 407 1160 445 tantum
1192 419 1288 445 cum
1321 405 1431 445 aeris
1464 406 1643 460 crepitu,
1676 407 1816 461 qualis

264 464 308 504 in
341 463 507 504 defectu
538 464 666 504 lunae
699 463 843 504 silenti
874 465 998 504 nocte
1031 463 1132 504 cieri
1166 463 1298 516 solet,
1330 462 1463 503 edidit
1494 464 1738 519 clamorem,
1770 467 1818 506 ut

264 524 475 563 averteret
506 522 636 563 etiam
667 522 954 577 pugnantium
987 522 1163 563 animos.
1226 520 1467 575 Campanos
1499 521 1623 562 facile
1650 538 1675 564 a
1699 524 1816 564 vallo

264 580 428 634 Appius
462 581 651 635 arcebat3
694 581 831 622 maior
861 581 927 621 vis
961 580 1013 621 ab
1047 581 1182 621 altera
1212 583 1334 634 parte
1366 579 1566 621 Fulvium
1596 579 1817 623 Hannibal

264 642 306 680 et
325 639 458 680 Poeni
483 640 708 694 urgebant.
758 639 872 694 legio
899 639 958 680 ibi
985 641 1105 680 sexta
1131 639 1225 680 loco
1253 638 1392 691 cessit,
1419 653 1502 692 qua
1521 639 1646 692 pulsa
1665 640 1815 681 cohors

262 697 555 751 Hispanorum
587 712 683 739 cum
719 698 856 738 tribus
890 697 1126 751 elephantis
1160 712 1291 751 usque
1333 697 1387 737 ad
1425 697 1586 738 vallum
1617 699 1818 752 pervasit,

261 759 517 810 ruperatque
562 756 746 797 mediam
785 756 919 797 aciem
955 755 1249 797 Romanorum
1287 759 1329 796 et
1368 756 1412 796 in
1451 755 1630 810 ancipiti
1662 770 1737 810 spe
1769 770 1818 798 ac

262 815 450 868 periculo
484 818 593 869 erat,
630 818 775 855 utrum
806 815 850 855 in
882 816 1022 855 castra
1053 816 1348 868 perrumperet
1379 829 1434 855 an
1466 814 1818 856 intercluderetur

263 887 286 913 a
319 873 419 914 suis.
482 888 606 927 quem
638 887 842 926 pavorem
873 873 1054 928 legionis
1086 873 1410 927 periculumque
1448 876 1685 914 castrorum
1716 872 1817 914 Ful-

262 931 354 972 vius
386 932 460 973 ubi
490 931 608 984 vidit,
641 931 688 981 Q.
714 930 903 972 Navium
934 931 1224 985 primoresque
1257 931 1364 972 alios
1395 931 1694 972 centurionum
1719 931 1817 973 hor-

261 992 390 1044 tatur,
421 992 469 1031 ut
497 990 716 1032 cohortem
748 990 939 1031 hostium
972 990 1051 1030 sub
1077 990 1190 1031 vallo
1222 992 1488 1044 pugnantem
1514 989 1738 1031 invadant:
1771 990 1818 1031 in

263 1062 427 1089 summo
467 1049 711 1090 discrimine
750 1063 838 1090 rem
876 1048 1003 1102 verti,
1050 1051 1123 1089 aut
1158 1049 1272 1089 viam
1311 1047 1496 1089 dandam
1533 1048 1586 1088 iis
1625 1062 1732 1102 esse,
1776 1051 1819 1089 et

261 1108 424 1148 minore
457 1110 625 1161 conatu,
658 1122 785 1162 quam
817 1107 1074 1148 condensam
1106 1107 1241 1148 aciem
1266 1107 1495 1160 rupissent,
1526 1106 1571 1146 in
1598 1109 1739 1148 castra
1763 1107 1819 1147 ir-

261 1168 475 1219 rupturos,
515 1169 590 1207 aut
627 1166 916 1207 conficiendos
955 1166 1033 1206 sub
1071 1166 1183 1206 vallo
1225 1179 1327 1206 esse.
1389 1178 1467 1206 nec
1505 1165 1652 1218 magni
1685 1167 1818 1206 certa·

260 1224 386 1264 minis
419 1239 509 1265 rem
541 1225 650 1266 fore:
691 1238 850 1278 paucos
882 1238 974 1265 esse
1008 1226 1050 1264 et
1090 1224 1143 1265 ab
1183 1224 1270 1264 suis
1302 1224 1579 1276 interclusos3
1619 1225 1661 1263 et
1699 1237 1819 1278 quae,

261 1282 360 1322 dum
404 1286 559 1336 paveat
601 1283 839 1336 Romanus,
882 1283 1124 1336 interrupta
1168 1283 1279 1323 acies
1310 1282 1516 1331 videatur,
1556 1295 1662 1335 eam,
1706 1282 1741 1322 si
1773 1296 1818 1323 se

261 1341 474 1394 utrimque
519 1342 563 1382 in
606 1342 778 1383 hostem
822 1344 986 1394 vertat,
1030 1341 1207 1394 ancipiti
1246 1354 1393 1394 pugna
1436 1340 1598 1381 medios
1642 1340 1818 1381 circum-

261 1403 497 1440 venturam.
548 1399 711 1441 Navius
744 1400 817 1441 ubi
848 1400 954 1441 haec
986 1400 1256 1453 imperatoris
1289 1399 1402 1440 dicta
1435 1399 1610 1451 accepit,
1642 1399 1818 1440 secundi

260 1457 420 1499 hastati
454 1459 625 1513 signum
658 1458 904 1512 ademptum
937 1457 1144 1513 signifero
1176 1458 1222 1498 in
1252 1457 1399 1498 hostes
1431 1457 1574 1510 infert,
1605 1457 1817 1499 iacturum

259 1517 304 1556 in
342 1516 505 1558 medios
551 1532 622 1559 eos
662 1517 886 1570 minitans,
923 1517 968 1557 ni
1006 1531 1050 1557 se
1089 1530 1268 1570 propere
1308 1518 1538 1570 sequantur
1578 1515 1735 1556 milites
1775 1518 1817 1557 et

1124 1657 1178 1689 12.
1209 1653 1404 1698 primores]
1441 1652 1500 1687 die
1531 1652 1815 1696 Vornehmsten,

307 1659 337 1688 9.
366 1655 430 1700 ad]
458 1655 705 1700 hinzufiigend
726 1671 770 1684 =
797 1655 933 1698 ausser,
961 1666 1000 1689 so

1073 1700 1337 1745 Vork'ampfer3
1373 1700 1599 1734 namentlich
1624 1700 1663 1734 in
1692 1705 1719 1734 1.
1746 1700 1817 1735 De-

258 1702 307 1736 ad
332 1702 396 1736 hoc
421 1702 455 1745 6,
482 1706 538 1745 20,
565 1705 597 1736 8.
624 1703 673 1736 ad
698 1706 812 1737 cetera
838 1702 898 1745 30,
929 1708 957 1745 1,
980 1706 1001 1735 4

258 1765 302 1776 =
329 1748 450 1783 ausser
488 1749 572 1783 dem
604 1748 778 1794 Ubrigen.
811 1748 870 1792 43,
898 1753 953 1792 10,
981 1754 1000 1783 5

256 1798 289 1829 et
315 1796 363 1829 ad
388 1796 586 1830 clamorem.

304 1853 384 1876 cum
418 1843 514 1876 aeris
538 1843 618 1887 stru]
654 1842 802 1877 Sowohl
828 1854 889 1876 um
917 1842 1001 1877 dem

255 1888 393 1923 Feinde
413 1889 485 1923 den
499 1889 687 1924 Eindruck
702 1889 801 1924 eines
813 1889 1002 1934 grosseren

256 1935 392 1970 Heeres
408 1947 452 1970 zu
466 1936 697 1978 machen‚als
706 1948 768 1970 um
777 1936 836 1971 die
845 1936 1000 1980 eigenen

256 1982 431 2026 Truppen
463 1995 506 2016 zu
537 1983 761 2027 ermutigen,
800 1982 999 2026 beteiligen

256 2027 335 2062 sich
362 2028 422 2063 die
447 2030 598 2064 inermes
618 2030 729 2064 ofters
748 2030 786 2064 in
807 2030 999 2064 ahnlieher

255 2075 380 2109 Weise
407 2086 467 2109 am
493 2076 660 2120 Kampfe.
688 2075 748 2118 23,
777 2081 831 2119 16,
856 2080 907 2110 14.
936 2076 996 2119 43,

257 2125 312 2165 10,
334 2126 353 2155 5
380 2122 506 2166 inyens
531 2123 702 2165 strepitus
728 2133 744 2156 e
763 2123 876 2157 muris
896 2126 997 2157 ortus

255 2169 479 2203 ululantium
515 2170 707 2203 mulierum
739 2180 819 2203 cum
857 2170 997 2213 crepitu

254 2216 415 2259 undique
441 2216 545 2250 aeris.

305 2266 358 2296 10.
386 2273 506 2296 arcere
532 2262 570 2307 a]
603 2261 694 2296 wird
724 2261 898 2296 meistens
924 2273 996 2296 von

255 2309 439 2343 Personen
464 2309 608 2353 gesagt‚
645 2308 707 2343 bei
732 2308 996 2353 {Ortsangaben

254 2355 355 2389 steht
380 2358 482 2389 sonst
508 2355 570 2389 der
589 2355 707 2390 blosse
730 2355 892 2390 Ablativ.

304 2406 357 2435 11.
384 2402 576 2447 urgebant]
593 2402 658 2436 das
672 2402 820 2437 Pradik.
835 2403 903 2436 hat
917 2402 994 2436 sich

252 2448 304 2482 im
330 2448 514 2483 Numerus
541 2459 588 2482 an
613 2449 673 2483 die
694 2448 917 2493 Apposition
944 2449 994 2483 H.

252 2498 285 2529 et
319 2495 435 2529 Poeni
472 2495 772 2540 angeschlossen3
819 2495 879 2530 bei
914 2496 993 2530 Liv,

253 2541 357 2576 nicht
383 2542 512 2576 selten.

300 2590 341 2622 in
375 2589 531 2632 aricipiti
555 2599 616 2632 spe
641 2599 683 2623 ac
703 2588 882 2634 periculo]
921 2589 989 2623 ‘sie

254 2635 494 2670 schwankten
528 2635 708 2670 zwischen
745 2636 884 2670 Furcht
919 2635 995 2669 und

253 2681 477 2727 Hoffnung'3
503 2693 575 2717 von
601 2682 684 2717 dem
710 2682 829 2717 hierin
855 2682 994 2727 liegen-

253 2729 325 2763 den
345 2729 486 2774 Begriff
503 2729 568 2764 der
587 2729 858 2774 Ungewissheit
877 2730 996 2774 hangt

253 2775 312 2809 die
327 2775 578 2820 Doppelfrage
597 2779 668 2810 utr.
696 2788 745 2811 an
765 2777 825 2820 ab,
850 2776 888 2810 in
908 2776 994 2810 wel-

253 2821 340 2855 cher
365 2826 488 2856 utrum
513 2823 584 2857 den
603 2823 727 2857 Inhalt
746 2823 811 2857 der
835 2833 924 2867 spes,
945 2833 995 2857 an

252 2867 324 2901 den
351 2868 413 2902 des
434 2870 639 2912 periculum
666 2869 839 2905 einfsihrt.

1074 1748 1170 1782 kade
1196 1747 1337 1791 haufig3
1362 1747 1539 1790 primores
1564 1748 1816 1782 centurionum

1074 1795 1190 1829 findet
1228 1793 1305 1827 sich
1342 1793 1403 1828 bei
1434 1793 1511 1827 Liv.
1545 1806 1613 1828 nur
1644 1794 1742 1837 hier3
1769 1811 1814 1823 =

1068 1843 1273 1886 primorum
1287 1841 1457 1875 ordinum
1470 1841 1705 1885 centuriones,
1726 1840 1816 1876 oder

1075 1888 1149 1932 (30,
1176 1892 1208 1931 4,
1239 1889 1283 1931 1.)
1304 1888 1445 1931 primos
1470 1888 1623 1923 ordines.

1122 1963 1175 1992 13.
1203 1959 1244 1991 in
1269 1958 1477 1992 discrimine
1501 1968 1574 1991 rem
1599 1958 1704 2001 verti]
1744 1957 1814 1993 Die

1072 2005 1171 2049 Lage
1193 2005 1245 2038 sei
1264 2004 1400 2038 hochst
1413 2004 1632 2048 gefahrlich,
1646 2004 1811 2040 kritisch.

1070 2052 1206 2096 Haufig
1219 2051 1269 2085 ist
1279 2051 1431 2085 vertitur
1444 2051 1586 2094 aliquid
1601 2067 1643 2078 =
1659 2061 1697 2085 es
1713 2051 1813 2085 steht

1071 2100 1184 2132 etwas
1206 2097 1273 2131 auf
1289 2098 1372 2131 dem
1388 2097 1526 2141 Spiele3
1548 2096 1607 2130 die
1629 2097 1812 2131 entschei-

1070 2145 1187 2178 dende
1208 2144 1407 2187 VVendung
1433 2143 1548 2177 selbst
1572 2143 1693 2186 (disc.)
1713 2144 1813 2179 steht

1069 2191 1179 2225 dabei
1192 2191 1243 2224 im
1258 2190 1421 2224 Ablativ.
1439 2187 1497 2232 23,
1513 2193 1568 2232 29,
1591 2194 1609 2223 7
1621 2190 1716 2224 velut
1734 2191 1812 2234 qui-

1070 2239 1134 2272 bus
1147 2238 1285 2271 reditus
1301 2264 1307 2269 .
1325 2264 1331 2270 .
1349 2265 1356 2272 .
1373 2264 1379 2270 .
1395 2247 1432 2270 eo
1447 2237 1655 2270 discrimine
1662 2248 1812 2281 puynae

1067 2287 1277 2325 verteretur,
1316 2283 1374 2325 30,
1408 2287 1451 2317 31
1463 2311 1470 2325 ,
1506 2287 1523 2316 1
1551 2283 1604 2317 ibi
1636 2294 1811 2318 summam

1068 2342 1187 2366 rerum
1214 2330 1363 2374 bellique
1387 2331 1478 2364 verti
1503 2329 1702 2364 cernebant.

1116 2400 1328 2445 condensus]
1352 2416 1395 2428 =
1416 2400 1556 2441 densus.
1584 2400 1671 2434 Dies
1696 2400 1809 2435 Kom-

1068 2448 1231 2492 positum
1269 2458 1341 2481 von
1378 2447 1509 2481 densus
1541 2446 1590 2481 ist
1627 2446 1666 2481 in
1703 2449 1810 2492 guter

1068 2495 1182 2529 Prosa
1223 2493 1312 2537 (Cic.
1352 2493 1431 2528 Cas.
1466 2493 1553 2528 Sall.
1589 2493 1688 2528 Curt.
1721 2494 1807 2529 Tac.

1069 2542 1168 2576 Suet.
1201 2541 1340 2584 Nepos)
1376 2539 1586 2585 gemieden;
1625 2551 1663 2574 es
1694 2540 1809 2574 findet

1066 2588 1143 2622 sich
1170 2587 1230 2622 bei
1248 2587 1428 2622 Dichtern
1449 2587 1568 2630 (Lucr.
1589 2586 1713 2630 Verg.)
1733 2587 1808 2621 und

1066 2634 1313 2670 vereinzelten
1327 2633 1560 2668 Historikern
1577 2633 1671 2674 (bell.
1686 2633 1806 2675 Afric.

1067 2682 1256 2725 Sisenna);
1290 2681 1412 2715 davon
1437 2679 1639 2723 abgeleitet
1664 2679 1806 2714 dichte-

1066 2728 1162 2763 risch
1173 2729 1390 2763 condensare
1403 2742 1447 2755 =
1462 2726 1628 2767 densare3
1649 2725 1710 2760 frz.
1726 2738 1750 2760 11
1758 2738 1807 2760 ur

1066 2776 1268 2810 condenser.
1317 2772 1386 2807 Die
1415 2772 1542 2815 Sache,
1568 2772 1638 2806 mit
1663 2772 1727 2806 der
1752 2774 1806 2807 et-

1066 2832 1141 2855 was
1168 2820 1272 2854 dicht
1296 2820 1439 2854 besetzt
1456 2819 1517 2862 ist,
1542 2819 1643 2853 steht
1660 2818 1712 2852 im
1732 2819 1805 2853 Ab·

1066 2868 1160 2902 lativ
1186 2867 1246 2910 25,
1267 2870 1322 2906 39,
1347 2871 1364 2900 1
1399 2866 1577 2900 condensa
1602 2866 1804 2901 arboribus.
