1963 3308
177 156 202 174 a.
224 147 289 174 Chr.
310 155 336 172 n.
358 147 418 172 211.

714 133 857 169 LIBER
882 132 1012 168 XXVI.
1065 131 1165 167 CAP.
1194 135 1227 166 2.
1708 129 1733 170 3

175 260 241 288 res
274 246 418 300 gestae
451 243 703 299 magnificae
736 241 901 284 senatui
933 241 1067 294 visae,
1099 239 1251 280 titulus
1283 237 1478 292 honoris,
1516 236 1628 291 quod
1660 236 1736 277 im-

175 304 293 360 perio
325 317 410 345 non
441 302 591 357 populi
622 302 757 355 iussu,
795 314 881 342 non
914 313 964 340 ex
998 298 1254 340 auctoritate
1286 299 1459 351 patrum
1491 295 1590 336 dato
1625 295 1735 349 ‘pro-

174 366 347 418 praetor
384 360 566 403 senatui'
611 361 858 414 scripserat,
896 371 1097 413 magnam
1136 359 1302 411 partem
1343 356 1566 397 hominum
1605 353 1736 395 offen-

177 422 322 463 debat:
366 435 456 461 rem
494 420 596 461 mali
635 418 817 472 exempli
856 431 964 467 esse,
1004 416 1286 469 imperatores
1324 414 1410 469 legi
1449 414 1502 455 ab
1543 412 1735 454 exerciti-

175 481 254 522 bus
293 482 336 521 et
372 479 579 520 sollemne
612 475 965 531 auspicandorum
1001 473 1273 515 comitiorum
1312 474 1356 513 in
1389 475 1530 513 castra
1567 474 1609 512 et
1640 485 1736 526 pro-

174 539 339 581 vincias
378 538 527 592 procul
566 537 619 578 ab
656 536 825 590 legibus
863 532 1277 587 magistratibusque
1315 531 1368 572 ad
1407 531 1637 571 militarem
1675 533 1736 571 te-

175 598 417 639 meritatem
448 595 683 637 transferri.

746 595 788 634 et
819 606 914 633 cum
947 590 1118 644 quidam
1152 589 1421 630 referendum
1455 588 1508 629 ad
1540 590 1736 629 senatum

175 658 417 708 censerent,
447 654 597 695 melius
617 653 755 693 visum
777 650 936 691 differri
958 663 1050 690 eam
1072 648 1450 701 consultationem,
1483 646 1615 688 donec
1642 661 1736 700 pro—

174 715 466 757 ficiscerentur
492 712 672 765 equites,
704 709 775 763 qui
803 709 856 750 ab
877 708 1040 749 Marcio
1067 707 1235 748 litteras
1262 707 1506 747 attulerant.
1557 705 1737 746 rescribi
1762 717 1784 746 Δ,

175 774 225 815 de
261 773 475 814 frumento
514 772 556 811 et
592 767 861 810 vestimentis
901 767 1110 808 exercitus
1154 766 1334 820 placuit,
1379 779 1469 806 eam
1510 766 1736 818 utramque

174 846 264 873 rem
296 844 419 872 curae
451 828 541 870 fore
574 827 760 881 senatui,
793 825 977 868 adscribi
1010 827 1153 866 autem
1185 824 1472 879 ‘propraetori
1492 822 1538 864 L.
1557 821 1737 864 Marcio'

173 905 261 932 non
292 887 470 943 placuit,
510 901 563 928 ne
595 886 638 927 id
668 887 828 940 ipsum,
867 884 979 940 quod
1010 883 1319 925 consultationi
1350 882 1626 936 reliquerant,
1659 896 1736 935 pro

173 947 466 1003 praeiudicato
498 945 641 987 ferret.

174 1007 285 1048 sules
317 1005 593 1057 rettulerunt,
626 1003 901 1056 omniumque
934 1002 980 1043 in
1010 1017 1142 1042 unum
1171 1001 1407 1042 sententiae
1429 999 1737 1054 congruebant,

172 1065 385 1120 agendum
417 1078 513 1105 cum
544 1063 730 1104 tribunis
763 1061 901 1116 plebis
935 1075 1045 1114 esse,
1081 1060 1220 1114 primo
1254 1073 1421 1113 quoque
1457 1060 1651 1113 tempore
1685 1058 1737 1099 ad

171 1125 341 1179 plebem
367 1123 545 1175 ferrent,
578 1136 703 1176 quem
731 1135 826 1162 cum
852 1119 1032 1173 imperio
1060 1119 1176 1159 mitti
1202 1119 1391 1173 placeret
1416 1117 1460 1158 in
1480 1116 1738 1170 Hispaniam

173 1183 226 1224 ad
265 1197 360 1224 eum
400 1182 650 1234 exercitum,
691 1180 757 1221 oui
795 1177 868 1220 Cn.
906 1177 1048 1232 Scipio
1087 1178 1322 1231 imperator
1358 1175 1625 1230 praefuisset.

1688 1190 1738 1216 ea

173 1256 240 1282 res
274 1255 369 1282 cum
401 1240 586 1281 tribunis
620 1241 716 1280 acta
747 1237 1105 1293 promulgataque
1138 1239 1214 1278 est.

293 1298 373 1340 Sed
412 1298 527 1339 aliud
566 1300 782 1339 certamen
820 1297 1101 1350 occupaverat
1140 1295 1316 1336 animos.

1384 1292 1427 1334 C.
1461 1292 1735 1347 Sempronius

173 1358 352 1400 Blaesus
386 1357 451 1399 die
484 1357 597 1398 dicta
617 1355 691 1398 Cn.
712 1355 907 1396 Fulvium
930 1355 982 1396 ob
1012 1354 1243 1395 exercitum
1276 1353 1320 1393 in
1341 1352 1500 1406 Apulia
1533 1352 1738 1393 amissum

174 1520 274 1555 Tode
307 1519 371 1553 der
398 1518 596 1563 Scipionen
627 1517 686 1552 die
720 1518 915 1562 spanisohe

172 1566 328 1602 Provinz
348 1565 406 1600 fiir
419 1565 513 1600 Rom
534 1565 711 1600 erhalten.
750 1564 810 1608 25,
826 1569 869 1600 37
880 1565 914 1600 ff.

219 1618 251 1648 2.
278 1624 351 1648 rem
376 1613 465 1647 mali
483 1623 536 1647 ecc.
564 1612 650 1658 esse]
681 1612 733 1647 ‘es
766 1612 818 1646 sei
853 1612 916 1646 da-

172 1661 242 1695 mit
273 1660 332 1695 ein
372 1659 479 1695 boses
512 1659 675 1703 Beispiel
708 1659 914 1704 gegeben’;

174 1719 212 1742 so
238 1706 433 1742 verbindet
452 1705 530 1741 Liv.
552 1705 608 1741 oft
632 1716 687 1740 res
707 1706 777 1740 mit
797 1705 916 1740 einem

176 1754 287 1799 genit.
310 1753 408 1798 qual.
432 1764 461 1787 6.
483 1757 515 1796 5,
532 1756 574 1787 13
590 1763 653 1787 uec
666 1753 792 1797 maym'
805 1756 917 1787 certa-

173 1802 282 1835 minis
308 1811 380 1835 rem
405 1800 491 1843 fore.
513 1799 645 1843 34,61,
662 1803 714 1834 13.
737 1810 810 1833 rem
830 1800 919 1834 mali

173 1847 325 1891 exempli
369 1856 455 1887 essm
507 1847 602 1880 auch
646 1845 716 1880 mit
760 1846 920 1881 anderen

175 1894 296 1929 Subst.
317 1893 399 1927 sind
413 1893 657 1937 Wendungen
677 1893 745 1927 wie
766 1892 803 1935 2,
817 1896 871 1935 55,
889 1897 918 1929 1.

172 1941 319 1985 pessimi
344 1940 496 1984 exempli
530 1940 693 1974 victoria.
751 1939 810 1983 27,
840 1944 871 1982 6,
898 1944 920 1974 4

173 1988 344 2030 foedioris
361 1986 532 2030 exempli;
547 1986 622 2020 und
636 1985 698 2020 bei
711 1997 782 2021 esse
790 1998 823 2020 u.
841 1988 921 2030 fieri

174 2034 233 2079 25,
254 2038 286 2077 4,
310 2038 339 2069 7.
362 2034 569 2077 pernicioso
594 2043 646 2068 eae.
675 2033 834 2076 factum,⁸
858 2033 918 2077 31,

175 2085 230 2124 20,
251 2085 271 2115 5
291 2081 393 2115 ‘nullo
413 2080 570 2124 exemplo
589 2080 758 2122 futurum
778 2079 838 2122 38,
860 2084 917 2124 56,

176 2132 228 2163 10.
250 2127 449 2162 besonders
470 2127 605 2171 haufig.
622 2147 665 2151 —
681 2127 723 2160 In
744 2127 809 2161 der
828 2138 916 2171 gan-

173 2186 239 2209 zen
254 2174 369 2209 Stelle
390 2173 472 2208 sind
491 2173 529 2207 in
549 2174 789 2208 chiastischer
807 2174 917 2208 Form

173 2221 290 2257 Paare
326 2231 399 2256 von
426 2220 681 2265 Gegensatzen
707 2221 915 2265 gruppiert:

173 2269 323 2303 solemne
367 2268 593 2303 comitiorum
635 2288 681 2292 —
724 2268 917 2302 militarem

174 2316 404 2350 temeritatem
412 2328 423 2355 ‚·
450 2317 571 2349 castra
593 2317 624 2348 et
641 2315 852 2358 provincias
874 2335 916 2339 —

175 2363 220 2396 ab
246 2362 382 2405 leyibus
406 2361 757 2406 mayistratibusque.

222 2419 544 2464 auspicandorum]
587 2419 667 2454 ‘der
708 2420 805 2454 nach
842 2421 916 2454 An-

179 2465 343 2509 stellung
367 2476 440 2499 von
460 2464 661 2509 Auspicien
679 2466 917 2501 abzuhalten-

176 2513 260 2548 den'
277 2512 351 2556 vgl.
375 2511 406 2555 7,
423 2515 453 2554 3,
469 2515 489 2546 8
503 2513 653 2546 solemne
666 2513 761 2547 clavi
772 2514 916 2558 ftyeudi.

221 2559 418 2602 homiuum]
446 2557 516 2592 wie
537 2561 555 2600 ξ
577 2562 608 2592 3.
635 2560 784 2602 quidam
803 2560 917 2594 unbe—

176 2607 359 2642 stimmter
384 2604 579 2639 Ausdruck
612 2604 670 2638 fiir
702 2605 917 2640 Senatoren.

175 2654 320 2688 Ebenso
342 2663 370 2687 c.
393 2656 450 2694 36,
472 2655 502 2686 1.
524 2651 583 2695 27,
606 2655 638 2694 9,
655 2655 709 2686 14.
732 2652 791 2693 29,
814 2656 868 2696 16,
884 2656 915 2688 5.

176 2700 236 2743 30,
263 2703 319 2743 17,
348 2703 364 2732 1
392 2711 426 2732 u.
455 2710 481 2733 s.
509 2710 552 2732 w.

224 2751 256 2781 4.
284 2746 433 2780 rescribi
454 2746 612 2789 placuit]
634 2745 754 2789 placet
781 2745 916 2788 (techn.

177 2793 286 2828 Ausd.
326 2803 397 2827 von
430 2792 812 2836 Senatsbeschli'issen)
852 2792 919 2825 hat

176 2840 214 2874 in
239 2839 391 2874 Dekade
418 2839 444 2873 I.
471 2839 733 2883 fiberwicgend
758 2839 828 2873 den
855 2838 918 2874 inf.

177 2897 271 2930 pass.
297 2885 393 2920 nach
426 2885 520 2928 sich3
559 2886 597 2920 in
624 2886 694 2920 den
719 2885 919 2930 folgenden

990 1516 1169 1551 Dekaden
1201 1515 1275 1550 fast
1313 1515 1449 1550 ebenso
1482 1515 1536 1549 oft
1569 1515 1640 1548 den
1671 1514 1736 1550 inf.

990 1563 1123 1606 activi;
1152 1563 1270 1598 selten
1296 1563 1397 1597 steht
1423 1561 1567 1596 danach
1587 1565 1627 1596 ut
1648 1561 1737 1596 oder

990 1612 1055 1646 der
1092 1609 1209 1645 blosse
1247 1609 1495 1655 Konjunktiv3
1542 1609 1637 1643 auch
1673 1609 1738 1642 der

991 1658 1104 1692 Dativ
1137 1658 1281 1691 senatui
1307 1669 1340 1690 u.
1369 1669 1395 1691 s.
1424 1669 1467 1690 w,
1494 1655 1544 1690 ist
1569 1655 1736 1689 daneben

993 1705 1122 1740 selten.

1033 1762 1104 1795 pro
1151 1751 1408 1794 praeiudicato
1455 1749 1581 1795 ferret]
1614 1766 1658 1778 =
1694 1761 1738 1784 uc

992 1799 1098 1843 quasi
1132 1798 1405 1841 praeiudicium
1442 1797 1622 1841 quoddam
1656 1797 1738 1840 (Art

993 1845 1217 1889 vorlaufiger
1243 1843 1536 1888 Entscheidung>
1571 1844 1681 1886 ferret
1706 1854 1736 1878 6.

993 1896 1036 1927 29
1051 1896 1092 1935 ,8.
1104 1892 1291 1935 deprecari
1301 1893 1447 1925 senatus
1452 1890 1735 1934 praeiudicium.

1042 1954 1072 1985 5.
1082 1950 1277 1984 sententiae
1288 1949 1548 1994 conyruebaut]
1558 1948 1635 1983 Liv.
1645 1948 1735 1983 kon-

994 1997 1165 2032 struiert:
1196 2007 1251 2031 res
1286 1999 1493 2040 couyruunt
1523 1996 1581 2037 (iu
1606 2000 1737 2039 unum)

992 2044 1068 2079 und
1105 2044 1336 2087 congruimus
1371 2044 1412 2077 in
1446 2054 1518 2077 rem
1544 2042 1604 2086 25,
1631 2046 1687 2086 32,
1714 2045 1735 2075 2

989 2091 1217 2134 omniumque
1258 2091 1299 2124 iu
1341 2101 1456 2125 uuum
1494 2092 1737 2134 coum-uerunt

991 2138 1197 2173 sentcntiae.
1221 2136 1280 2180 29,
1295 2141 1326 2181 6,
1342 2141 1361 2171 2
1383 2137 1545 2171 Bruttiis
1566 2165 1572 2171 .
1597 2165 1602 2170 .
1626 2163 1633 2171 .
1654 2146 1735 2170 con-

989 2185 1201 2230 yrucutibus
1227 2184 1267 2218 iu
1293 2195 1372 2218 cum
1396 2194 1536 2219 morem.

1040 2231 1103 2267 οη.
1125 2231 1250 2275 Scipio
1269 2231 1409 2276 imper]
1434 2230 1497 2265 Cu.
1520 2230 1644 2274 Scipio
1663 2240 1737 2264 von

991 2279 1130 2314 seinem
1156 2277 1297 2313 Bruder
1323 2278 1382 2320 21,
1410 2281 1465 2321 32,
1497 2281 1516 2311 3
1546 2288 1610 2311 aus
1638 2276 1735 2320 eige-

989 2336 1055 2360 ner
1081 2325 1258 2370 Befugnis
1289 2325 1385 2359 nach
1412 2323 1572 2368 Spanien
1604 2333 1732 2368 gesen-

992 2373 1064 2416 det,
1079 2383 1154 2406 war
1168 2372 1268 2406 wohl
1281 2384 1350 2405 nur
1364 2372 1500 2416 Legat;
1528 2370 1608 2405 eine
1623 2370 1737 2405 Uber-

990 2421 1152 2463 tragung
1189 2419 1253 2453 des
1291 2419 1484 2462 imperium
1519 2429 1566 2451 an
1599 2418 1664 2451 ihn
1689 2416 1738 2450 ist

990 2466 1146 2511 nirgend.
1177 2465 1379 2509 berichtet,
1412 2465 1476 2500 der
1509 2464 1619 2498 Ausd.
1656 2464 1735 2499 also

990 2523 1172 2557 ungenau.

1039 2571 1067 2594 c.
1096 2559 1129 2601 2,
1163 2563 1288 2594 6-6.
1323 2558 1356 2592 3.
1393 2557 1734 2592 Perduellions-

990 2605 1171 2640 Prozefs
1193 2605 1267 2639 des
1295 2604 1365 2640 Gn.
1393 2605 1597 2639 Fulvius.

1039 2657 1068 2686 7.
1096 2653 1154 2687 die
1179 2653 1294 2686 dicta:
1321 2651 1539 2686 bezeichnet
1559 2651 1617 2685 die
1639 2652 1734 2684 erste

989 2698 1223 2744 Vorladung,
1263 2699 1378 2732 durch
1414 2698 1554 2732 welche
1594 2698 1659 2731 der
1689 2700 1732 2732 tr.

985 2745 1103 2789 plebis
1136 2745 1190 2779 als
1226 2745 1502 2789 gewohnlicher
1533 2744 1676 2788 Klager>
1696 2744 1734 2778 in

990 2790 1213 2836 politischen
1257 2790 1457 2825 Prozessen
1500 2791 1570 2825 den
1613 2791 1734 2834 Ange-

991 2838 1145 2882 klagten
1176 2848 1242 2872 vor
1275 2838 1338 2871 das
1364 2836 1629 2882 Volksgericht
1660 2837 1734 2871 for-

995 2885 1108 2919 derte.
1161 2884 1228 2918 Die
1255 2884 1423 2929 Anklage
1444 2894 1561 2929 gegen
1583 2884 1736 2919 Fulvius

1401 2943 1449 2976 1*

1761 423 1781 453 2

1763 600 1783 630 3

703 944 891 985 dimissis
925 943 1140 997 equitibus
1173 942 1223 983 de
1255 941 1376 983 nulla
1408 955 1451 982 re
1487 941 1606 994 prius
1639 955 1736 981 con·
1763 952 1784 981 5

1764 1187 1784 1217 6

1765 1304 1783 1334 7
