1963 3308
179 168 206 187 s.
228 159 342 186 Chren.
364 160 422 186 210.
646 149 789 184 LIBER
814 149 945 185 XXVI.
998 149 1100 184 CAP.
1128 152 1182 184 35.
1211 153 1266 184 36.
1692 148 1745 189 75

179 259 346 311 der-ent,
383 258 428 299 in
468 271 666 311 corpora,
705 272 812 312 quae
850 258 1013 312 reliqua
1051 258 1213 311 essent,
1255 256 1480 298 saevirent.
1543 271 1595 298 ne
1634 256 1745 298 unde

179 316 446 358 redimantur
478 316 648 371 quidem
683 317 909 371 quicquam
943 330 1176 370 superesse.
1232 315 1338 358 haec
1369 329 1456 357 non
1488 315 1533 357 in
1565 315 1745 369 occulto,
1772 325 1790 356 7

177 375 251 417 sed
289 375 515 430 propalam
553 376 598 416 in
636 375 730 417 foro
770 379 895 429 atque
928 376 1062 417 oculis
1105 375 1296 429 ipsorum
1329 374 1552 416 consulum
1591 375 1743 429 ingens

176 434 305 475 turba
349 434 595 476 circumfusi
644 434 902 486 fremebant,
951 448 1029 475 nec
1073 448 1144 475 eos
1197 434 1343 474 sedare
1389 433 1586 474 consules
1631 447 1742 474 nunc
1771 443 1790 475 8

175 493 429 548 castigando
457 507 570 534 nunc
597 493 858 534 consolando
886 494 1099 546 poterant.
1145 492 1331 545 spatium
1355 491 1508 532 deinde
1534 492 1587 532 iis
1613 492 1744 533 tridui

177 566 223 593 se
256 552 357 593 dare
384 552 437 593 ad
464 551 740 606 cogitandum
767 551 982 603 dixerunt3
1016 564 1099 604 quo
1126 550 1211 603 ipsi
1238 550 1291 590 ad
1316 564 1406 591 rem
1431 550 1744 604 inspiciendam

175 614 213 652 et
250 610 555 665 expediendam
593 610 659 650 usi
697 612 808 650 sunt.
865 610 1060 650 senatum
1099 610 1275 661 postero
1312 608 1378 649 die
1417 608 1660 650 habuerunt
1693 609 1743 650 de
1770 620 1789 651 9

174 670 387 724 remigum
414 669 729 723 supplement03
760 667 835 708 ubi
861 681 957 708 cum
989 666 1128 708 multa
1154 667 1476 719 disseruissent,
1509 681 1582 707 cur
1609 682 1743 721 aequa

174 728 314 782 plebis
341 727 554 769 recusatio
580 728 710 778 esset,
743 728 965 766 verterunt
992 725 1232 767 orationem
1260 740 1327 779 eo,
1359 728 1408 766 ut
1439 725 1629 767 dicerent
1660 727 1743 779 pri-

174 787 286 828 vatis
318 786 362 827 id
389 800 463 827 seu
490 799 672 838 aequum
705 798 780 825 seu
812 784 1006 839 iniquum
1026 799 1133 826 onus
1160 783 1472 839 iniungendum
1499 799 1609 826 esse:
1641 799 1742 826 nam

174 844 303 898 unde,
347 859 442 885 cum
486 844 666 898 pecunia
709 843 753 884 in
798 844 964 885 aerario
1002 858 1090 885 non
1129 846 1260 897 esset,
1301 845 1526 898 paraturos
1565 844 1740 885 navales
1771 855 1813 886 10

174 902 343 945 socios?
381 917 465 957 quo
505 902 631 944 modo
666 905 808 943 autem
848 903 940 944 sine
973 902 1182 943 classibus
1221 905 1296 943 aut
1328 901 1517 944 Siciliam
1557 903 1743 944 obtineri

174 965 248 1003 aut
279 961 407 1003 Italia
439 961 689 1016 Philippum
722 961 858 1003 arceri
888 975 1015 1015 posse
1048 964 1122 1002 aut
1153 964 1247 1002 tuta
1277 960 1428 1002 Italiae
1461 961 1588 1002 litora
1620 960 1742 1003 esse?

172 1034 269 1061 cum
307 1020 352 1061 in
389 1020 470 1062 hac
509 1020 763 1062 difficultate
807 1034 949 1062 rerum
987 1020 1214 1062 consilium
1258 1019 1472 1073 haereret,
1517 1034 1565 1061 ac
1609 1034 1742 1075 prope
1757 1021 1812 1063 36

170 1081 321 1133 torpor
372 1079 543 1133 quidam
588 1082 841 1133 occupasset
889 1079 1112 1120 hominum
1158 1080 1342 1132 mentes,
1391 1081 1483 1119 tum
1527 1077 1742 1120 Laevinus
1769 1091 1789 1120 2

171 1138 339 1179 consul:
379 1138 659 1193 magistratus
700 1138 867 1179 senatui
906 1141 949 1179 et
988 1140 1182 1179 senatum
1214 1138 1394 1191 populo,
1436 1138 1546 1179 sicut
1577 1137 1741 1179 honore

171 1199 411 1251 praestent,
443 1197 505 1238 ita
538 1197 591 1237 ad
625 1197 786 1251 omnia,
819 1211 926 1262 quae
959 1196 1066 1238 dura
1098 1199 1224 1263 atque
1258 1211 1410 1250 aspela
1443 1198 1604 1250 essent,
1644 1197 1740 1238 sub-

172 1255 311 1296 eunda
348 1256 475 1297 duces
514 1255 665 1297 debere
704 1270 809 1297 esse.
872 1255 906 1296 es
931 1255 1094 1322 ,quod
1132 1256 1355 1310 iniungere
1394 1255 1590 1297 inferiori
1621 1256 1787 1309 velis,3

169 1313 213 1355 id
257 1314 376 1368 prius
421 1315 467 1356 in
511 1316 552 1355 te
594 1329 642 1356 ac
687 1317 783 1356 tuos
829 1271 942 1368 ipse1
964 1315 1068 1355 iuris
1115 1315 1333 1368 statueris,
1377 1314 1545 1356 facilius
1590 1329 1738 1356 omnes

166 1373 416 1414 obedientes
455 1373 628 1414 habeas.
690 1387 768 1414 nec
807 1373 1001 1427 impensa
1040 1374 1184 1429 gravis
1219 1376 1302 1428 est,
1339 1388 1435 1415 cum
1473 1387 1522 1415 ex
1554 1388 1603 1414 ea
1641 1373 1738 1428 plus

167 1524 233 1558 der
252 1523 538 1568 Aufforderung.
578 1523 653 1558 Das
679 1523 917 1558 bezeichnete

167 1570 372 1606 Verfahren
410 1571 460 1605 ist
498 1571 563 1605 das
602 1571 666 1605 der
702 1570 916 1615 Glaubiger,

167 1617 308 1652 welche
360 1629 408 1652 an
458 1618 542 1652 dem
592 1618 802 1662 Vermogen
853 1618 918 1652 der

169 1663 375 1699 Schuldner
390 1665 599 1700 Exekution
620 1665 829 1700 vollziehen
842 1665 917 1700 und

1039 1535 1069 1560 e.
1096 1524 1156 1567 36,
1187 1529 1215 1560 1.
1243 1536 1322 1559 eum
1344 1545 1386 1549 —
1407 1525 1597 1559 consilium
1620 1525 1739 1559 haere-

990 1571 1058 1617 ret]
1086 1571 1154 1606 ‘als
1174 1571 1213 1606 in
1234 1572 1354 1606 dieser
1373 1572 1617 1617 schwierigen
1637 1572 1739 1616 Lage

992 1618 1050 1653 die
1095 1619 1284 1663 Beratung
1326 1619 1382 1653 ins
1429 1618 1592 1654 Stocken
1639 1619 1737 1662 kam,

990 1667 1099 1710 guter
1119 1666 1192 1700 Rat
1212 1668 1317 1700 teuer
1342 1665 1454 1700 war’:
1483 1667 1627 1701 haerere
1653 1677 1739 1701 vom

991 1712 1302 1748 Steckenbleiben
1323 1712 1423 1747 einer
1435 1713 1649 1758 Bewegung
1663 1713 1737 1756 (29,

991 1764 1052 1802 33,
1096 1763 1115 1794 7
1153 1761 1247 1795 duae
1290 1763 1430 1795 turmae
1472 1761 1632 1804 haesere)
1678 1761 1744 1795 auf

990 1806 1166 1852 geistiges
1181 1807 1422 1852 fibertragen;
1438 1807 1664 1852 Gegensatz:
1683 1818 1739 1842 ex-

987 1854 1112 1898 pedire
1137 1855 1242 1898 aliq:
1268 1853 1309 1897 2,
1337 1858 1398 1897 24,
1426 1858 1446 1888 3
1473 1855 1641 1898 empedz‘re
1666 1865 1738 1889 rem

169 1722 275 1747 wenn
316 1712 381 1746 der
425 1712 531 1746 Erlos
577 1712 771 1747 derselben
815 1712 918 1746 nicht

165 1759 372 1802 ansreieht,
422 1759 518 1793 auch
569 1758 628 1793 die
672 1759 808 1794 Person
852 1760 916 1793 des

167 1804 393 1840 Schuldners
414 1806 528 1840 selbst
546 1805 759 1841 verkaufen.
782 1826 826 1831 —
841 1805 917 1841 Vor

167 1853 310 1897 reliqua
330 1852 477 1888 schiebe
492 1853 665 1887 deutsch:
689 1853 829 1897 ‘allein,
848 1865 916 1888 nur

167 1899 292 1942 noch',
319 1900 389 1934 ein.

217 1962 248 1993 7.
274 1959 420 2004 sedare]
451 1959 521 1992 mit
544 1959 816 2003 personlichem
843 1959 914 1994 Ob-

163 2005 249 2050 jekt
267 2004 317 2039 ist
336 2005 642 2050 ungewo'hnlich3
669 2006 845 2041 meistens
865 2017 914 2041 se-

165 2052 256 2086 dare
266 2053 417 2088 animos.
439 2064 468 2086 c.
485 2057 540 2096 21,
557 2057 599 2087 17
615 2053 770 2087 ‘militum
786 2080 912 2089 ......

166 2101 309 2134 animos
338 2100 486 2134 sedavit.

215 2161 247 2193 9.
274 2161 316 2192 ut
340 2158 514 2203 dicerent]
543 2159 627 2203 vglf
645 2169 674 2192 c.
693 2163 746 2201 19,
766 2163 785 2193 6
811 2159 916 2202 fidem

167 2205 311 2247 fecit—
327 2216 407 2241 esse.
445 2205 529 2239 Wie
549 2205 640 2249 hier,
667 2206 814 2241 wendet
837 2206 915 2242 Liv.

170 2251 251 2286 eine
284 2251 582 2297 Umschreibung
612 2253 709 2287 noch
747 2263 810 2287 an:
856 2253 916 2296 37,

171 2302 234 2340 17,
262 2303 282 2333 6
308 2310 420 2333 unam
444 2303 592 2333 mentem
617 2310 705 2342 esse,
736 2303 777 2334 ut
807 2301 916 2335 servi-

171 2348 282 2379 tutem
317 2347 454 2390 reyiam
493 2347 645 2390 effuyere
679 2348 815 2383 vellent.
857 2347 918 2390 38,

172 2395 281 2435 50,1
309 2392 351 2426 in
375 2403 416 2426 ea
442 2394 627 2436 opinione,
653 2397 694 2427 ut
718 2397 919 2438 neyatmus

171 2420 395 2482 triicmphum
419 2439 532 2481 fuisse
556 2441 746 2475 viam-metm

220 2496 282 2520 seu
303 2496 455 2529 aequum
471 2495 533 2520 seu
546 2487 753 2531 miquum]
743 2499 781 2522 m
791 2488 917 2533 jedem

172 2532 294 2576 Faue,
328 2532 424 2567 ohne
455 2532 817 2579 Berficksiehtigung
854 2535 919 2569 der

173 2560 402 2614 rechtlichen
434 2579 690 2624 Zulassigkeit.
728 2581 769 2624 2,
803 2585 864 2624 32,
898 2585 916 2616 7

173 2637 250 2661 eam
283 2637 348 2670 per
373 2637 489 2670 aequa
517 2638 582 2670 per
608 2628 738 2671 iniqua
763 2628 918 2662 reconci-

174 2674 339 2707 liandam
365 2674 508 2707 civitati
532 2683 611 2708 esse.

219 2730 321 2764 posse
348 2738 389 2745 ·—
414 2720 506 2766 esse]
539 2720 599 2755 die
630 2719 766 2755 beiden
796 2720 918 2754 Infini-

173 2766 252 2801 tive
271 2767 353 2801 sind
372 2778 444 2802 von
465 2767 640 2802 einander
655 2769 827 2812 getrennt
843 2767 919 2801 und

176 2813 244 2848 auf
254 2814 343 2848 zwei
355 2813 584 2858 Satzglieder
595 2814 744 2849 verteilt
758 2813 917 2857 worden,

174 2871 237 2894 um
263 2860 335 2895 den
357 2860 561 2896 hasslichen
581 2860 828 2905 Gleiehklang
848 2872 920 2896 von

170 2917 276 2951 posse
300 2917 371 2942 esse
396 2919 441 2941 zu
465 2908 688 2943 vermeiden.

988 1902 1183 1945 publicam.

1036 1948 1177 1994 torpor]
1211 1951 1352 1991 torpor,
1383 1951 1539 1991 torpere,
1572 1949 1739 1992 torpidus

990 1994 1193 2039 eigentlich
1232 2006 1319 2029 vom
1352 1994 1510 2039 Korper,
1552 1995 1593 2038 9,
1625 1999 1663 2038 2,
1696 1999 1738 2030 10

988 2046 1145 2086 stupor
1188 2043 1348 2076 omnium
1387 2043 1527 2077 animos
1564 2053 1607 2077 ae
1643 2043 1739 2077 velut

989 2092 1145 2132 torpor
1188 2090 1338 2133 quidam
1375 2090 1545 2124 insolitus
1582 2090 1738 2124 membra

989 2139 1097 2178 tenet3
1126 2136 1349 2181 fibertragen
1375 2136 1442 2180 24,
1469 2139 1532 2180 43,
1559 2139 1579 2170 8
1600 2147 1738 2181 paz-ore

990 2184 1075 2217 aliis
1094 2184 1135 2217 in
1154 2186 1260 2217 tanta
1280 2183 1380 2217 clade
1404 2184 1638 2227 torpentibus.
1676 2183 1737 2227 27,

990 2233 1046 2272 46,
1074 2234 1104 2264 9.
1148 2230 1208 2274 28,
1235 2234 1296 2273 29,
1327 2234 1379 2264 11.
1420 2230 1485 2274 22,
1513 2234 1575 2273 53,
1603 2235 1633 2264 e.

1038 2293 1070 2324 2.
1091 2289 1326 2333 mayistratus
1345 2290 1490 2323 senatui
1518 2292 1548 2323 et
1574 2293 1738 2324 senatum

984 2335 1146 2382 populo]
1181 2336 1325 2370 danach
1357 2335 1504 2370 zerfallt
1535 2335 1593 2370 die
1619 2347 1736 2380 ganze

992 2383 1254 2427 Bfirgerschaft
1262 2382 1383 2417 indrei
1392 2382 1545 2417 Klassen
1555 2396 1563 2416 ι
1573 2383 1736 2426 Beamte,

992 2429 1106 2464 Senat
1125 2429 1200 2464 und
1213 2430 1324 2474 Volk,
1339 2429 1420 2463 eine
1435 2429 1662 2475 Eiuteilung,
1677 2429 1736 2465 die

991 2477 1123 2520 darauf
1132 2476 1280 2520 beruht,
1291 2475 1371 2512 dass
1381 2488 1451 2510 nur
1462 2476 1525 2511 das
1535 2475 1738 2511 Bekleiden

990 2534 1061 2558 von
1083 2523 1238 2558 Amtern
1262 2523 1411 2566 (honore
1434 2527 1632 2568 praestent)
1657 2524 1738 2558 her-

991 2571 1229 2616 vorgehoben
1254 2571 1401 2605 werden
1427 2571 1507 2605 soll.

1039 2632 1070 2664 3.
1091 2630 1215 2673 qravis
1228 2629 1292 2674 est]
1309 2629 1373 2664 der
1387 2629 1533 2673 haufige
1542 2629 1737 2664 Gebrauch

991 2675 1056 2709 des
1080 2675 1308 2719 Deutschen,
1341 2676 1440 2710 Part.
1473 2676 1638 2710 Prasent.
1664 2686 1738 2709 von

991 2721 1138 2755 transit.
1173 2721 1280 2757 Verb.
1314 2721 1368 2755 als
1400 2721 1602 2765 Adjektiva
1627 2732 1736 2756 anzu-

992 2768 1159 2809 wenden‚
1184 2768 1235 2802 ist
1253 2768 1305 2802 im
1324 2768 1405 2802 Lat.
1427 2769 1531 2802 nicht
1551 2768 1736 2811 statthaft,

992 2813 1099 2848 dafiir
1124 2814 1342 2859 Adjektiva:
1369 2814 1574 2849 driickend:
1593 2816 1737 2860 gravis,-

992 2861 1258 2906 anstrengend:
1282 2872 1382 2903 acer;
1407 2861 1659 2907 beleidigend:
1681 2863 1736 2897 in-

992 2909 1152 2942 iuriosus
1178 2920 1212 2942 u.
1240 2920 1266 2942 s.
1293 2920 1336 2944 w.
1386 2908 1501 2944 Nicht
1529 2909 1647 2944 selten
1673 2909 1737 2944 da-
