1963 3308
130 177 157 194 a.
177 167 242 194 Chr.
263 175 290 192 n.
311 167 371 192 210.

643 156 787 192 LIBER
812 156 941 192 XXVI.
993 156 1094 192 CAP.
1122 161 1177 192 40.
1199 161 1256 193 41.
1639 156 1693 198 87

136 267 226 309 ausi
258 265 448 320 plerique
481 278 576 306 cum
608 264 653 305 in
686 265 933 306 civitatibus
967 265 1053 306 suis
1087 279 1135 307 ac
1169 265 1248 307 sub
1287 265 1454 320 legibus
1487 265 1696 319 vixerant,

136 329 176 367 et
207 326 435 379 postquam
466 337 536 364 eos
565 338 615 364 ex
648 323 779 365 variis
807 325 946 366 causis
979 323 1155 366 fortuna
1188 324 1340 366 similis
1362 324 1696 379 conglobaverat

136 383 450 439 Agathyrnam,
482 396 557 436 per
588 382 817 424 latrocinia
849 398 897 424 ac
929 383 1124 437 rapinam
1157 383 1392 424 tolerantes
1420 383 1565 425 vitam.
1615 383 1694 425 hos
1726 393 1767 424 18

133 457 269 498 neque
310 442 545 495 relinquere
582 440 791 482 Laevinus
829 443 874 483 in
911 442 1052 482 insula
1088 443 1180 482 tum
1218 442 1405 495 primum
1442 456 1554 484 nova
1592 456 1696 496 pace

133 501 399 543 coalescente
438 500 554 540 velut
593 500 817 540 materiam
855 500 1066 541 novandis
1099 500 1223 541 rebus
1257 500 1362 542 satis
1402 503 1544 542 tutum
1575 503 1695 542 ratus

133 562 215 614 est,
266 563 308 600 et
349 558 525 614 Reginis
564 558 660 599 usui
710 557 843 599 futuri
883 560 1004 599 erant
1042 558 1094 598 ad
1144 559 1437 612 populandum
1476 559 1696 601 Bruttium

135 632 285 673 agrum
319 618 539 659 adsuetam
571 616 806 657 latrociniis
839 617 1141 671 quaerentibus
1175 631 1360 658 manum.

1424 620 1466 658 et
1499 618 1610 671 quod
1643 617 1697 659 ad

133 676 328 719 Siciliam
361 676 531 728 attinet7
564 689 612 716 eo
646 688 757 715 anno
791 674 1052 716 debellatum
1085 677 1160 717 est.

250 735 300 776 In
338 734 549 788 Hispania
586 733 796 787 principio
836 733 946 775 veris
986 733 1031 774 P.
1071 733 1234 787 Scipio,
1278 734 1460 776 navibus
1503 734 1693 776 deductis
1709 735 1764 777 41

130 794 401 847 evocatisque
435 791 572 832 edicto
597 791 882 833 Tarraconem
910 793 1126 834 sociorum
1160 793 1349 846 auxiliis,
1382 793 1562 835 classem
1595 808 1693 835 one-

130 853 350 906 rariasque
383 850 542 892 ostium
574 850 670 891 inde
698 849 850 892 Hiberi
883 850 1070 892 fluminis
1102 854 1246 906 petere
1273 852 1403 894 iubet.
1456 851 1605 895 eodem
1636 853 1693 894 le·
1720 863 1740 894 2

131 912 278 966 giones
312 925 362 951 ex
392 908 584 950 hibernis
618 909 843 950 convenire
876 924 973 952 cum
1004 910 1216 965 iussisset,
1252 910 1344 965 ipse
1377 925 1475 953 cum
1508 912 1695 966 quinque

130 969 303 1011 milibus
349 968 561 1010 sociorum
607 968 659 1009 ab
701 968 942 1010 Tarracone
987 970 1204 1024 profectus
1252 970 1304 1010 ad
1346 970 1579 1011 exercitum
1618 973 1696 1012 est.

131 1043 214 1083 quo
254 1042 349 1069 cum
387 1027 592 1078 venisset,
637 1027 927 1081 adloquendos
974 1028 1158 1070 maxime
1197 1031 1360 1070 veteres
1401 1029 1581 1083 milites,
1624 1030 1696 1084 qui

131 1087 265 1128 tantis
305 1085 606 1140 superfuerant
638 1085 848 1139 cladibus,
886 1089 1005 1128 ratus
1039 1087 1237 1130 contione
1270 1087 1479 1129 advocata
1516 1088 1579 1129 ita
1610 1088 1695 1129 dis-

131 1146 281 1187 seruit:
321 1144 460 1186 enemo
502 1146 600 1186 ante
632 1158 698 1185 me
731 1159 867 1186 novus
906 1145 1141 1200 imperator
1173 1146 1381 1188 militibus
1415 1147 1521 1197 suis,
1557 1147 1695 1200 prius·
1722 1157 1742 1188 3

130 1219 258 1259 quam
296 1218 425 1257 opera
463 1217 608 1244 eorum
647 1218 748 1244 usus
788 1206 916 1257 esset,
959 1206 1121 1259 gratias
1161 1219 1288 1260 agere
1326 1206 1416 1246 iure
1455 1220 1503 1246 ac
1542 1205 1694 1247 merito

129 1263 289 1317 potuit:
329 1277 395 1303 me
434 1262 592 1315 vobis„
614 1262 866 1317 priusquam
904 1264 1173 1317 provinciam
1212 1266 1286 1305 aut
1318 1266 1459 1305 castra
1498 1264 1696 1318 viderem,
1723 1275 1744 1305 4

130 1321 341 1376 obligavit
360 1321 550 1374 fortuna,
577 1320 763 1374 primum
784 1321 896 1375 quod
919 1336 967 1363 ea
986 1323 1147 1376 pietate
1168 1337 1270 1378 erga
1290 1325 1457 1377 patrem
1476 1325 1696 1377 patruum-

131 1395 212 1435 que
233 1394 375 1421 meum
396 1379 515 1421 vivos
536 1382 816 1434 mortuosque
843 1380 1004 1433 fuistis,
1033 1382 1182 1423 deinde
1210 1382 1322 1436 quod
1343 1382 1546 1423 amissam
1572 1385 1696 1424 tanta
1722 1392 1742 1423 5

133 1439 255 1481 clade
286 1438 533 1492 provinciae
565 1439 881 1492 possessionem
913 1440 1125 1495 integram
1159 1443 1201 1482 et
1235 1441 1393 1494 populo
1426 1440 1621 1482 Romano
1655 1443 1697 1483 et

133 1498 368 1539 successori
400 1497 505 1538 mihi
536 1498 693 1538 virtute
727 1500 870 1538 vestra
904 1498 1163 1541 obtinuistis.

128 1659 301 1694 schuldet
333 1660 408 1693 und
441 1659 550 1693 meist
576 1660 690 1694 sehon
714 1660 752 1694 in
778 1660 877 1695 ihrer

127 1706 278 1741 Heimat
292 1706 434 1750 gemein
442 1716 460 1740 e
470 1706 699 1741 Verbrecher
706 1718 877 1751 gewesen

129 1764 253 1788 waren
279 1753 355 1787 und
375 1753 469 1787 auch
491 1753 587 1798 jetzt
612 1765 648 1788 u.
675 1765 701 1788 S.
724 1767 766 1788 w.
808 1754 876 1789 Die

130 1801 260 1835 Worte
297 1800 520 1834 bestimmen
561 1800 632 1834 den
671 1800 876 1836 Charakter

130 1847 195 1881 der
226 1847 378 1881 colluvio
408 1847 524 1881 n‘aher
555 1847 628 1881 und
663 1848 782 1892 geben
814 1860 875 1882 zu-

128 1893 252 1939 gleich
284 1893 342 1928 die
374 1893 642 1938 Hauptgriinde
677 1897 736 1937 (ecc
761 1896 876 1930 variis

129 1942 266 1984 causis)
296 1941 394 1975 ihres
421 1941 680 1975 Aufenthaltes
714 1942 750 1976 in
776 1941 874 1987 Aga-

129 1988 226 2032 thyr.
254 1999 311 2022 an.

180 2049 233 2081 18.
248 2045 474 2091 coalescente]
494 2045 582 2080 ‘von
597 2046 661 2080 der
675 2047 874 2082 Zerrissen-

130 2093 208 2128 heit
234 2092 313 2127 sich
339 2093 531 2135 erholend,
560 2105 603 2127 zu
629 2093 751 2128 einem
776 2094 874 2128 kraf-

129 2140 234 2185 tigen
248 2139 395 2174 Ganzen
410 2139 617 2182 werdcnd’;
634 2140 693 2174 ein
707 2141 873 2186 haufiges

130 2187 230 2221 Bild:
258 2187 292 2230 1,
322 2191 375 2230 11,
400 2191 420 2221 2
440 2187 655 2231 respublica.
683 2188 743 2231 29,
764 2192 819 2231 31,
841 2192 873 2223 3.

129 2244 288 2278 reguum.
315 2234 350 2277 2,
376 2237 432 2276 48,
457 2239 472 2268 1
495 2235 618 2269 animi.
664 2234 737 2269 Das
758 2235 874 2270 durch

126 2282 320 2315 coalescere
346 2281 525 2315 erreichte
547 2280 624 2316 Ziel
645 2282 744 2316 steht
765 2282 875 2316 dabei

130 2327 226 2361 auch
251 2327 321 2361 mit
345 2328 387 2361 iu
412 2327 486 2361 und
512 2327 595 2362 dem
623 2330 751 2363 Aecus.
781 2330 814 2373 1,
842 2334 874 2373 8,

134 2378 152 2407 1
179 2374 220 2407 in
242 2375 373 2418 populi
398 2375 510 2408 unius
535 2386 675 2419 corpus.

179 2432 274 2466 velut
292 2433 480 2466 materiam
499 2444 578 2467 που.
600 2434 720 2479 rebus]
736 2434 874 2479 gleich-

132 2490 211 2513 sam
223 2478 278 2512 als
287 2478 497 2513 Brennstoff
507 2479 565 2513 fiir
575 2480 875 2526 Umw‘alzungen.

130 2536 265 2560 novare
289 2536 354 2561 res,
381 2525 440 2568 27,
463 2529 518 2569 24,
541 2530 572 2561 7.
599 2527 659 2570 28,
680 2532 736 2569 36,
758 2532 777 2562 6
792 2540 825 2564 u.
842 2540 874 2563 o.

178 2584 266 2618 usui
296 2584 418 2626 futuri
443 2584 562 2628 erant]
598 2585 651 2619 ‘es
678 2597 754 2620 war
778 2587 878 2620 ihrer

131 2630 428 2665 Beschaffenheit
467 2631 564 2665 nach
601 2643 643 2665 zu
684 2634 875 2675 erwarten‚

131 2675 240 2712 dass'.
280 2678 354 2712 Das
369 2678 468 2713 Part.
489 2678 615 2712 Futur.
641 2678 777 2713 driickt
795 2679 877 2713 eine

131 2724 170 2758 in
213 2724 278 2759 der
314 2724 613 2759 Beschaffenheit
656 2725 720 2759 der
759 2725 876 2760 Sache

130 2770 303 2815 liegende
329 2771 587 2817 Bestimmung
616 2772 704 2806 oder
730 2772 790 2806 ein
815 2783 876 2817 ge-

132 2817 338 2862 eignetsein
376 2830 420 2852 zu
459 2820 573 2853 etwas
612 2830 676 2853 aus
715 2830 745 2854 c.
778 2822 810 2853 5.
844 2823 875 2853 2.

131 2864 340 2900 documento
371 2865 529 2907 futurae.
568 2866 608 2908 2,
638 2869 698 2907 10,
728 2870 766 2899 11
790 2866 877 2910 plus

131 2910 252 2952 famae
276 2912 494 2948 habituram.
521 2912 563 2955 3,
592 2917 647 2954 58,
674 2917 706 2947 2.
733 2912 792 2956 21,
819 2917 877 2957 21,

1222 1499 1295 1541 sed
1328 1514 1424 1541 cum
1462 1499 1547 1540 iam
1579 1500 1695 1541 beni·
1723 1510 1742 1541 6

949 1665 972 1751 ἕ)
994 1662 1122 1743 {acaum
1143 1663 1299 1707 ingentis
1318 1662 1455 1707 yloriae
1471 1662 1698 1706 praedaeque

968 1720 991 1743 u
1010 1720 1126 1743 urum.

998 1790 1027 1813 c.
1055 1778 1213 1813 41—51.
1243 1778 1419 1824 Scipios
1447 1779 1622 1815 Thaten
1653 1780 1697 1814 in

951 1825 1156 1870 Spanien.

998 1895 1028 1919 c.
1055 1888 1110 1918 41.
1138 1884 1255 1919 Rede
1283 1885 1358 1920 des
1387 1885 1551 1930 Scipio.

996 1946 1027 1977 2.
1054 1943 1328 1988 superfuerant]
1361 1954 1541 1987 superesse
1565 1960 1609 1972 =
1636 1954 1695 1978 su-

947 1991 1127 2033 perstitem
1152 2000 1242 2031 esse;
1267 1990 1303 2033 9,
1331 1994 1385 2032 38,
1407 1994 1426 2024 3
1453 2002 1544 2035 quae
1569 2002 1695 2034 super—

947 2037 1021 2078 fuit
1052 2037 1154 2071 caedi
1185 2038 1430 2081 (multitudo).
1483 2038 1556 2072 Das
1590 2037 1697 2072 Plus-

948 2094 1095 2128 quamp.
1127 2084 1196 2118 wie
1222 2083 1256 2127 2,
1286 2088 1316 2127 7,
1343 2088 1362 2118 5
1390 2086 1532 2119 consuli
1557 2086 1695 2127 deiude,

947 2132 1010 2174 qui
1027 2131 1260 2174 superfuerat
1274 2148 1317 2159 =
1333 2132 1492 2166 welcher
1512 2132 1576 2166 der
1592 2132 1696 2166 fiber-

948 2177 1104 2212 lebende
1119 2189 1211 2218 wan
1226 2178 1410 2222 superfui:
1432 2178 1492 2213 ich
1508 2178 1573 2213 bin
1587 2179 1696 2224 fibrig

948 2224 1163 2269 geblieben,
1189 2224 1375 2260 fiberlebe.

996 2287 1098 2318 3-7.
1133 2282 1348 2328 Einleitung
1379 2284 1444 2318 der
1476 2284 1588 2319 Rede.
1635 2284 1695 2319 Sie

948 2330 1093 2365 enth‘alt
1126 2333 1144 2371 ξ
1171 2333 1263 2364 3-5
1297 2331 1457 2374 captatio
1494 2332 1710 2366 benevoleu-·

948 2378 1038 2419 tiae;
1064 2380 1083 2419 ἓ
1111 2380 1130 2411 6
1155 2377 1381 2422 Andeutung
1402 2378 1545 2421 Scipios
1565 2378 1604 2412 in
1631 2379 1696 2412 der

949 2423 1133 2458 Offensive
1178 2423 1375 2468 liegenden
1416 2424 1695 2470 Kriegsplanes3

948 2474 966 2512 ἓ
995 2474 1013 2505 7
1042 2470 1322 2515 Anki'indigung
1348 2471 1410 2506 des
1437 2472 1608 2507 Themas.

997 2533 1029 2565 4.
1050 2530 1224 2573 obliyavit
1241 2530 1410 2575 fortuna]
1439 2529 1520 2564 ‘hat
1534 2529 1631 2564 mich
1652 2541 1696 2564 zu

950 2576 1084 2610 Eurem
1119 2576 1323 2611 Schuldner
1362 2577 1553 2622 gemacht,
1592 2576 1695 2611 Euch

950 2622 1213 2666 verpflichtet’.
1250 2634 1279 2657 c.
1301 2627 1358 2665 49,
1379 2627 1399 2658 8
1420 2627 1514 2657 metu
1535 2624 1696 2667 obliqare

949 2669 1126 2709 homiues;
1159 2669 1285 2714 h'aufig
1309 2671 1413 2712 fidem
1439 2670 1607 2713 obliyare.
1634 2669 1695 2714 22,

950 2718 1006 2757 22⁷
1036 2718 1088 2748 14.
1116 2715 1175 2756 29,
1205 2719 1258 2757 16,
1286 2719 1317 2749 2.
1344 2716 1404 2758 30,
1428 2719 1482 2757 12,
1506 2719 1558 2749 18.
1608 2716 1692 2760 Vgl.

951 2761 1014 2795 das
1036 2761 1246 2805 Gegenteil:
1274 2763 1450 2796 eoesolvere
1467 2762 1493 2804 f.
1522 2773 1551 2796 c.
1568 2766 1622 2805 31,
1641 2766 1693 2798 10.

996 2830 1039 2853 ea
1058 2819 1209 2864 pietate]
1240 2819 1330 2853 ‘von
1352 2820 1512 2863 solcher,
1536 2831 1610 2855 von
1630 2821 1695 2856 der

949 2866 1161 2919 bekannten
1187 2865 1430 2911 Gesinnung'.
1469 2866 1553 2911 Vgl.
1581 2878 1610 2903 ο.
1637 2871 1693 2912 27,

953 2916 994 2947 10
1020 2923 1058 2948 eo
1084 2924 1216 2947 ammo.
