1963 3308
221 158 276 200 52
684 157 829 192 LIBER
856 156 986 193 XXVI.
1036 157 1126 192 CAP
1153 161 1207 192 24.
1236 161 1290 192 25.
1613 174 1638 193 a.
1657 175 1686 193 u.
1708 167 1770 194 543.

222 267 276 309 ab
291 266 462 308 Aetolia
476 264 698 318 incipienti
713 264 851 305 solum
865 266 1063 318 tectaque
1084 266 1127 305 et
1140 265 1360 306 muricum
1380 265 1495 320 agris
1509 264 1773 320 Aetolorum,

224 326 307 367 alia
334 325 470 367 omnis
502 322 661 378 praeda
692 322 840 377 populi
860 322 1046 364 Romani
1078 324 1206 377 esset,
1236 323 1468 378 darentque
1495 339 1669 379 operam
1688 324 1772 366 Ro-

153 395 194 425 12
222 384 357 436 mani,
395 385 443 424 ut
475 381 765 424 Acarnaniam
797 380 944 423 Aetoli
980 381 1203 436 haberent,
1246 382 1283 423 si
1313 381 1459 424 Aetoli
1495 397 1641 437 pacem
1678 397 1774 425 cum

220 442 418 496 Philippo
452 441 656 495 facerent,
687 440 851 482 foederi
883 440 1192 494 adscriberent,
1229 441 1292 482 ita
1322 443 1463 482 ratam
1492 441 1584 483 fore
1614 457 1774 496 pacem,

222 502 257 542 si
276 500 501 555 Philippus
538 515 657 542 arma
689 499 742 541 ab
762 499 969 541 Romanis
996 499 1207 554 sociisque
1241 499 1394 554 quique
1422 514 1567 542 eorum
1598 500 1774 543 dicionis

154 572 194 602 13
222 562 363 602 essent
396 559 694 612 abstinuisset;
731 559 854 612 item,
893 558 929 600 si
966 559 1146 613 populus
1178 557 1397 600 Romanus
1428 559 1599 601 foedere
1629 559 1775 615 iunge-

220 621 337 661 retur
368 619 478 674 regi,
510 620 558 660 ut
589 620 775 672 caveret,
807 632 860 659 ne
892 618 958 659 ius
992 620 1031 658 ei
1062 617 1167 659 belli
1198 617 1406 659 inferendi
1432 617 1596 659 Aetolis
1630 619 1773 660 sociis-

153 689 196 720 14
222 692 302 732 que
328 693 474 720 eorum
502 680 624 719 esset.
673 677 778 718 haec
798 679 1105 730 convenerunt,
1131 677 1454 731 conscriptaque
1479 676 1652 719 biennio
1678 680 1777 732 post

223 737 449 791 Olympiae
494 737 547 778 ab
591 736 778 789 Aetolis,
823 736 867 776 in
906 734 1122 790 Capitolio
1167 735 1220 777 ab
1258 735 1485 787 Romanis,
1529 738 1577 777 ut
1618 737 1778 777 testata

152 808 194 838 15
223 796 402 838 sacratis
435 794 723 837 monumentis
752 797 911 848 essent,
945 797 1043 836 sunt
1075 795 1228 848 posita.
1279 809 1424 837 morae
1451 809 1580 836 causa
1611 794 1779 836 fuerant

220 855 376 896 retenti
408 854 570 896 Romae
610 853 769 894 diutius
808 853 942 907 legati
978 853 1243 895 Aetolorum.
1303 868 1379 895 nec
1418 857 1564 895 tamen
1601 853 1778 908 impedi-

221 917 367 955 mento
400 913 442 954 id
468 913 594 954 rebus
628 911 824 967 gerendis
856 912 955 953 fuit:
989 914 1031 952 et
1049 911 1196 954 Aetoli
1222 913 1434 967 extemplo
1460 915 1686 955 moverunt
1712 912 1780 954 ad-

222 987 370 1014 versus
408 971 656 1026 Philippum
700 971 879 1025 bellum,
919 972 960 1012 et
997 970 1209 1013 Laevinus
1248 970 1515 1026 Zacynthum
1552 997 1609 1001 —
1647 986 1780 1026 parva

221 1032 363 1074 insula
401 1034 465 1072 est
501 1031 742 1085 propinqua
773 1029 987 1084 Aetoliae,
1024 1030 1173 1071 urbem
1212 1044 1340 1071 unam
1377 1031 1525 1072 eodem
1563 1045 1646 1086 quo
1685 1031 1781 1085 ipsa

224 1093 290 1132 est
320 1091 491 1132 nomine
523 1090 654 1131 habet
687 1114 741 1118 —
776 1103 870 1130 eam
901 1091 1072 1143 praeter
1104 1103 1243 1131 arcem
1278 1089 1321 1130 vi
1352 1090 1464 1143 cepit
1496 1092 1538 1130 et
1569 1089 1780 1131 Oeniadas

154 1161 197 1191 16
223 1149 470 1204 Nasumque
509 1149 784 1191 Acarnanum
828 1150 976 1202 captas
1017 1147 1184 1190 Aetolis
1228 1148 1479 1202 contribuit3
1521 1148 1782 1202 Philippum-

225 1223 305 1263 que
332 1209 438 1250 satis
464 1209 732 1262 implicatum
758 1207 869 1248 bello
896 1207 1076 1249 finitimo
1103 1210 1238 1261 ratus,
1268 1222 1321 1249 ne
1340 1207 1511 1249 Italiam
1532 1207 1781 1262 Poenosque

224 1270 267 1309 et
303 1269 430 1322 pacta
467 1282 562 1309 cum
599 1266 844 1308 Hannibale
882 1269 1028 1320 posset
1065 1266 1292 1321 respicere,
1339 1265 1573 1321 Corcyram
1608 1266 1699 1320 ipse
1738 1280 1783 1308 se

226 1327 397 1381 recepit.

155 1387 211 1427 25
344 1385 545 1439 Philippo
580 1384 831 1427 Aetolorum
864 1384 1043 1426 defectio
1076 1384 1218 1425 Pellae
1256 1384 1502 1426 hibernanti
1534 1384 1677 1425 adlata
1708 1386 1783 1425 est.

225 1445 386 1499 itaque,
431 1444 531 1498 quia
562 1444 701 1497 primo
734 1458 830 1485 vere
863 1446 1056 1485 moturus
1089 1443 1318 1484 exercitum
1350 1444 1396 1484 in
1428 1443 1650 1484 Graeciam
1681 1445 1783 1496 erat,

180 1515 200 1544 2
228 1506 275 1545 ut
300 1503 470 1558 Illyrios
502 1503 789 1557 finitimasque
822 1503 882 1544 eis
914 1503 1040 1544 urbes
1074 1502 1126 1544 ab
1159 1505 1279 1557 tergo
1312 1505 1428 1543 metu
1460 1502 1625 1556 quietas
1644 1501 1783 1543 Mace-

227 1562 354 1605 donia
403 1563 600 1616 haberet,
650 1561 965 1616 expeditionem
1016 1561 1203 1602 subitam
1254 1561 1299 1602 in
1342 1561 1612 1603 Oricinorum
1655 1563 1783 1615 atque

228 1621 571 1677 Apolloniatium
603 1621 707 1662 fines
740 1621 841 1662 fecit
874 1634 1154 1675 egressosque
1178 1619 1478 1675 Apolloniatas
1504 1634 1600 1661 cum
1625 1633 1782 1674 magno

183 1692 202 1723 3
229 1685 392 1722 terrore
438 1695 485 1722 ac
530 1694 688 1735 pavore
730 1680 936 1735 compulit
978 1680 1092 1721 intra
1135 1694 1293 1721 muros.
1352 1679 1534 1721 vastatis
1577 1678 1783 1733 proximis

275 1833 319 1867 ab
370 1833 447 1867 Aet.
502 1832 714 1877 incipienti]
782 1832 852 1865 Zur
902 1831 967 1866 Be·
1042 1831 1168 1867 Grund
1194 1843 1237 1865 zu
1263 1830 1380 1865 dieser
1400 1831 1531 1875 spaten
1549 1830 1786 1876 Aufstellung

228 1880 433 1923 zeichnung
468 1879 533 1914 der
564 1878 862 1913 Beschaffenheit
894 1879 969 1913 und
1042 1890 1117 1914 war
1137 1878 1201 1913 der
1220 1878 1412 1921 Umstand,
1433 1877 1512 1912 dass
1535 1898 1590 1911 —.
1616 1877 1786 1912 Vermut-

227 1927 425 1962 besonders
457 1926 519 1961 bei
547 1926 727 1970 Angaben
759 1936 832 1960 von
857 1925 971 1961 Orten
1041 1926 1117 1960 lich
1130 1925 1232 1960 blieb
1246 1924 1305 1960 die
1320 1924 1607 1960 Gesaudtschaft
1621 1935 1660 1959 so
1675 1924 1786 1970 lange

229 1975 328 2009 steht
352 1974 413 2008 bei
438 1974 502 2008 lat,
530 1973 821 2008 Schriftstellern
843 1973 972 2018 (sehon
1042 1973 1080 2008 in
1100 1972 1194 2008 Rom
1221 1984 1286 2007 aus
1307 1972 1504 2007 ahnlichen
1525 1972 1698 2007 Grunden
1717 1972 1786 2007 wie

228 2021 375 2063 Caesar,
394 2021 498 2055 nicht
517 2021 606 2055 aber
626 2020 764 2064 Cicero)
783 2020 971 2055 dei-Dativ
1043 2020 1103 2064 36,
1130 2024 1186 2064 26,
1214 2024 1234 2055 6
1277 2023 1318 2054 nt
1344 2023 1488 2054 exactor
1506 2030 1679 2064 praesens
1698 2029 1786 2064 pro-

227 2069 291 2104 des
315 2069 414 2103 Part.
435 2067 599 2103 Prasent.
625 2068 721 2102 nach
746 2067 972 2102 bekanntem
1044 2069 1233 2107 missorum
1258 2068 1403 2102 adesset.

227 2115 484 2160 griechischen
516 2115 727 2160 Vorgange.
779 2126 808 2149 c.
837 2118 897 2157 38,
929 2119 972 2149 10
1095 2119 1148 2149 15.
1166 2114 1348 2149 Oeniadas
1365 2113 1589 2158 Nasumque]
1611 2112 1786 2158 wichtige

229 2163 378 2197 liberius
396 2162 556 2206 finyenti.
597 2161 657 2204 32,
685 2165 741 2204 32,
762 2165 782 2195 8
815 2163 973 2196 monenti
1046 2162 1257 2206 Festungen
1282 2160 1547 2195 Akarnaniens.

229 2231 272 2235 ——
294 2209 474 2244 decedenti
499 2210 591 2253 (sog.
626 2208 782 2243 Dativus
802 2208 972 2243 detenui-
1092 2208 1353 2253 Acarnanam]
1384 2207 1443 2242 die
1469 2207 1604 2242 nabere
1630 2205 1786 2241 Bestim-

229 2257 402 2300 nativus).
1045 2267 1160 2300 mung
1191 2255 1255 2290 der
1280 2255 1381 2298 Lage
1412 2254 1511 2289 eines
1538 2253 1644 2289 Ortes
1671 2253 1787 2288 durch

277 2304 391 2339 solam
416 2306 574 2347 tectaque
598 2306 631 2337 et
654 2302 766 2347 muri]
794 2301 859 2337 das
884 2302 972 2337 Ver-
1047 2302 1118 2337 den
1131 2301 1277 2337 Genitiv
1298 2301 1361 2336 des
1375 2301 1533 2336 Lander-
1554 2301 1642 2336 oder
1656 2300 1787 2336 Volks-

230 2350 418 2385 werssiche
446 2350 510 2385 des
535 2349 757 2384 Verfahrens
788 2349 880 2393 liegt
911 2349 974 2384 be—
1046 2360 1197 2384 nameus
1228 2348 1343 2383 findet
1373 2348 1451 2383 sich
1482 2348 1542 2383 bei
1573 2347 1651 2383 Liv.
1682 2347 1788 2382 nicht

231 2398 379 2433 sonders
417 2397 539 2441 dai-in,
580 2396 657 2431 dass
695 2396 754 2431 die
793 2396 974 2431 Griechen
1047 2396 1182 2440 selten,
1214 2396 1309 2431 doch
1344 2395 1517 2430 meistens
1550 2395 1610 2430 bei
1642 2394 1787 2430 auslan-

231 2456 272 2480 so
309 2444 387 2479 ihre
426 2444 580 2489 eigenen
617 2443 975 2489 kriegsgefangenen
1046 2443 1199 2478 dischen
1236 2442 1349 2477 Orten
1386 2443 1481 2477 nach
1519 2441 1787 2487 griechischem

230 2491 456 2527 Landsleute
482 2491 545 2525 der
564 2491 771 2526 romischen
785 2489 975 2525 Sklaverei
1046 2490 1234 2525 Vorbilde.
1268 2490 1328 2533 27,
1355 2493 1410 2533 30,
1433 2493 1451 2525 7
1480 2488 1683 2524 Chalcidem
1707 2489 1787 2523 En-

230 2539 579 2574 fiberantworteten.
1047 2538 1160 2572 boeae.
1198 2537 1263 2580 31,
1297 2541 1358 2581 45,
1397 2541 1438 2572 15
1471 2538 1520 2572 ad
1552 2536 1787 2572 Canastreum

281 2595 335 2625 14.
365 2590 553 2636 Olympiae
573 2610 616 2616 —
636 2591 677 2625 in
698 2590 893 2636 Capitolio]
915 2590 973 2625 die
1049 2585 1225 2620 Pallenes.

230 2638 471 2683 Aufstellung
495 2649 568 2673 von
592 2637 799 2682 Vertragen
826 2648 873 2671 an
899 2637 973 2672 hei·
1093 2643 1154 2688 25,
1183 2648 1211 2679 1,
1250 2643 1419 2688 defectio]
1459 2641 1670 2687 „Friedens-
1699 2640 1787 2676 oder

231 2686 333 2730 ligen
370 2684 484 2720 Ortssn
520 2685 570 2720 ist
610 2685 694 2719 sehr
729 2684 973 2729 gewfflffllissh-
1046 2690 1381 2735 Vertragsbruch“;
1404 2690 1456 2724 sie
1476 2690 1606 2724 hatten
1624 2688 1700 2722 erst
1719 2692 1785 2723 217

231 2733 293 2777 38,
323 2737 379 2774 33,
406 2737 426 2767 9
458 2733 584 2775 foeduss
608 2732 702 2776 QMOd
721 2733 761 2766 in
782 2731 975 2776 ΟαΡῖῖθῖῖΟ,
1045 2738 1116 2774 mit
1140 2737 1217 2772 ihm
1241 2737 1398 2772 Frieden
1423 2735 1668 2781 geschlossen.

231 2780 327 2824 qaod
342 2779 539 2825 Olympiae,
560 2780 655 2824 QWOd
674 2780 715 2814 W
729 2790 810 2814 &7¹06
823 2779 975 2814 Atheni-9
1093 2789 1125 2820 2.
1153 2784 1296 2829 eyressi]
1329 2783 1476 2818 absolut
1502 2799 1545 2811 =
1571 2781 1785 2817 ausrficken.

232 2830 415 2862 sacratum
440 2827 577 2870 fuisset·
1046 2843 1076 2866 c.
1092 2835 1147 2874 39,
1162 2835 1207 2866 20
1227 2831 1276 2865 ad
1294 2833 1464 2875 quattuor
1483 2830 1586 2864 milia
1603 2829 1786 2864 hominum

284 2882 336 2913 15.
350 2890 469 2914 morae
482 2880 609 2925 eausa]
625 2879 673 2914 ist
689 2891 751 2913 zur
765 2879 974 2924 Erklarung
1044 2879 1304 2921 frumentatum
1317 2887 1463 2921 emessa.
1488 2880 1579 2919 c.27,
1591 2880 1632 2911 16
1646 2877 1786 2912 obviam

234 2936 305 2960 von
338 2926 480 2961 biennio
509 2930 591 2970 post
619 2926 877 2971 hinzugefugt:
910 2926 974 2961 der
1045 2925 1201 2970 eyressis.
1251 2924 1316 2967 29,
1343 2928 1407 2967 34,
1434 2927 1476 2958 11
1503 2936 1526 2958 u
1550 2935 1576 2958 S.
1604 2935 1647 2958 w.
