1963 3308
736 715 907 768 TITI
945 713 1130 767 LIVI

618 819 700 860 AB
739 817 912 860 URBE
954 816 1247 859 CONDITA

781 922 926 957 LIBER
951 921 1080 956 XXVI.

271 1114 346 1157 Cn.
378 1115 552 1157 Fulvius
587 1113 848 1157 Centimalus
887 1112 932 1153 P.
971 1110 1184 1165 Sulpicius
1218 1109 1357 1152 Galba
1392 1109 1588 1151 consules
1621 1123 1718 1151 cum
1741 1112 1762 1152 1

150 1175 295 1217 idibus
314 1174 485 1216 Martiis
505 1174 811 1228 magistratum
829 1172 1026 1225 inissent,
1045 1172 1197 1212 senatu
1216 1170 1262 1210 in
1282 1167 1545 1223 Capitolium
1565 1171 1717 1210 vocato

152 1233 204 1275 de
235 1247 280 1275 re
318 1233 510 1288 publiea,
550 1233 600 1274 de
640 1231 1011 1273 administratione
1049 1229 1167 1283 belli,
1206 1229 1256 1270 de
1293 1227 1528 1282 provinciis
1564 1228 1718 1269 exerci-

152 1293 354 1347 tibusque
392 1294 536 1347 patres
570 1291 886 1333 consuluerunt,
948 1288 996 1338 Q.
1027 1287 1179 1330 Fulvio
1213 1286 1295 1341 Ap.
1329 1285 1525 1340 Claudio,
1560 1286 1716 1340 prioris
1745 1299 1764 1328 2

153 1351 256 1392 anni
301 1351 566 1404 consulibus,
616 1351 897 1404 prorogatum
941 1347 1168 1401 imperium
1212 1348 1278 1387 est
1322 1348 1450 1400 atque
1495 1345 1718 1399 exercitus,

154 1424 260 1464 quos
291 1410 527 1464 habebant,
560 1409 732 1462 decreti,
766 1408 1079 1461 adiectumque,
1110 1420 1163 1446 ne
1196 1419 1220 1446 a
1250 1403 1415 1459 Capua,
1447 1418 1575 1459 quam
1608 1404 1719 1445 obsi-

154 1468 328 1519 debant,
368 1469 645 1510 abscederent
681 1467 801 1521 prius
841 1481 970 1521 quam
1007 1466 1337 1520 expugnassent.

153 1527 339 1569 maxime
370 1528 561 1569 intentos
593 1526 781 1568 habebat
809 1525 1048 1578 Romanos,
1086 1538 1173 1565 non
1205 1523 1259 1564 ab
1292 1522 1357 1564 ira
1388 1523 1578 1576 tantum,
1612 1536 1718 1576 quae

153 1587 198 1627 in
222 1586 385 1628 nullam
410 1601 615 1640 umquam
641 1585 862 1627 civitatem
888 1584 1041 1625 iustior
1073 1582 1170 1636 fuit,
1204 1596 1332 1636 quam
1359 1580 1473 1635 quod
1498 1581 1600 1622 urbs
1626 1583 1718 1622 tam

153 1645 313 1687 nobilis
341 1660 389 1686 ac
415 1647 586 1699 potens,
613 1645 724 1686 sicut
749 1643 985 1685 defectione
1012 1656 1088 1683 sua
1113 1642 1306 1682 traxerat
1332 1640 1498 1694 aliquot
1524 1640 1718 1694 populos,
1744 1651 1765 1681 4

151 1703 214 1745 ita
245 1705 416 1758 recepta
447 1704 707 1745 inclinatura
738 1717 884 1744 rursus
918 1701 1083 1743 animos
1109 1700 1335 1741 videbatur
1368 1698 1421 1740 ad
1452 1698 1608 1740 veteris
1642 1699 1718 1740 im-

203 1830 310 1873 1-—2‚
326 1835 355 1865 6.
372 1830 644 1875 Verteilung
664 1830 740 1864 der
759 1829 903 1864 Heere

154 1877 238 1911 und
262 1877 528 1920 Provinzem
555 1877 797 1922 spanische
818 1878 901 1910 An—

155 1924 522 1969 gelegenheiten.

207 1975 236 2005 1.
263 1972 312 2006 id.
342 1972 475 2017 Illam]
505 1971 646 2006 damals
674 1972 760 2013 (von
786 1974 902 2004 222-

159 2021 223 2052 153
251 2029 282 2052 a.
312 2017 391 2062 Ch.)
419 2018 568 2053 Termin
600 2018 658 2052 fiir
683 2018 754 2052 den
779 2016 902 2052 Amts-

154 2064 290 2099 antritt
315 2065 379 2100 der
400 2065 578 2109 Consuln,
610 2065 705 2100 nach
730 2075 902 2099 unserem

156 2111 342 2147 Kalender
373 2113 470 2147 etwa
506 2124 569 2146 um
608 2111 666 2146 die
698 2111 806 2146 Mitte
839 2111 902 2146 des

156 2158 331 2193 Winters.
376 2159 436 2203 31,
467 2163 499 2202 5,
533 2163 552 2193 2
586 2159 709 2194 idibus
738 2158 903 2200 Martiis,

155 2216 225 2251 quo
262 2207 320 2241 die
354 2209 430 2241 tum
463 2207 673 2242 consulatus
698 2206 901 2241 inibantur.

204 2254 246 2287 in
272 2252 508 2299 Capitolium]
542 2253 608 2288 auf
637 2253 722 2288 dem
753 2252 902 2297 Capitol

157 2299 294 2344 pfiegte
328 2312 372 2334 zu
404 2299 551 2345 Anfang
583 2300 646 2335 des
678 2299 809 2334 Jahres
843 2299 902 2333 die

158 2347 254 2380 erste
299 2346 577 2392 Senatssitzung
631 2346 902 2382 stattzufinden.

160 2393 222 2435 23,
248 2397 304 2436 31,
332 2398 361 2428 1.
387 2397 544 2437 senatus,
569 2405 638 2438 quo
663 2395 721 2428 die
740 2394 903 2438 primum

159 2443 210 2475 est
246 2441 288 2474 in
327 2439 507 2484 Capitolio
544 2441 738 2475 consultus.
795 2440 903 2475 Nach

159 2486 390 2531 Erledigung
421 2487 783 2532 gottesdienstlicher
815 2487 903 2521 Fra-

159 2545 233 2579 gen
259 2534 307 2577 (9,
328 2537 361 2575 8,
384 2538 401 2567 1
423 2534 638 2568 solemnibus
656 2537 801 2568 senatus
821 2544 902 2568 con-

160 2581 267 2615 sultis
291 2581 477 2625 perfectis)
508 2580 627 2624 folgte
663 2580 726 2614 der
752 2579 904 2615 Bericht

161 2627 226 2662 der
251 2627 412 2662 Consuln
444 2627 536 2661 fiber
567 2626 626 2661 die
668 2626 905 2671 wichtigsten

159 2673 773 2719 Verwaltungsangelegenheiten3
822 2673 904 2707 hier

161 2721 205 2755 de
229 2722 322 2757 adm.
349 2723 380 2757 b.
407 2732 441 2755 u.
469 2733 495 2755 s.
522 2733 566 2755 w.

210 2771 241 2803 3.
263 2768 308 2803 ab
328 2769 403 2814 ira]
425 2768 488 2803 der
508 2767 659 2802 kausale
674 2767 796 2801 Ablat.
812 2766 904 2800 wird

164 2825 236 2849 von
266 2814 345 2850 Liv.
377 2815 505 2859 haufig
536 2815 606 2849 mit
637 2826 659 2849 a
691 2813 904 2850 verbunden

163 2872 227 2895 zur
252 2861 509 2906 Bezeichnung
535 2861 600 2896 der
618 2861 903 2905 Veranlassung,

162 2917 235 2942 von
271 2909 429 2943 welcher
468 2908 548 2943 eine
582 2908 784 2952 Handlung
823 2918 903 2942 aus-

234 2972 292 2999 Tit.
312 2973 379 2998 Liv.
416 2973 450 2999 B.
471 2974 514 2998 26.

975 1829 1067 1873 geht
1103 1827 1156 1862 ‘in
1194 1827 1311 1872 Folge
1349 1825 1451 1861 von’.
1501 1824 1561 1869 28,
1597 1829 1652 1869 20,
1687 1830 1717 1860 6.

976 1876 1020 1910 ab
1041 1876 1101 1910 ira
1120 1878 1152 1908 et
1171 1875 1215 1908 ab
1230 1874 1313 1908 odio
1327 1873 1450 1907 urbem
1470 1876 1719 1917 oppugnatam

975 1933 1053 1957 esse.
1091 1921 1151 1965 36,
1172 1924 1229 1963 24,
1250 1924 1281 1955 7.
1308 1929 1383 1954 non
1407 1922 1482 1954 tam
1507 1920 1552 1954 ab
1578 1920 1638 1954 ira
1657 1930 1720 1954 nec

975 1970 1020 2004 ab
1047 1969 1129 2003 odio
1155 1979 1189 2002 u.
1217 1967 1272 2001 oft
1297 1987 1352 2000 —.
1397 1965 1466 2001 Die
1487 1965 1635 2001 Griinde
1656 1967 1721 2001 der

974 2015 1216 2059 Erbittertmg
1241 2024 1360 2058 gegen
1386 2012 1423 2048 C.
1450 2013 1516 2047 hat
1532 2012 1610 2048 Liv.
1635 2013 1720 2048 teils

975 2062 1036 2106 23,
1069 2061 1136 2096 aff.
1171 2061 1330 2104 erz'ahlt,
1362 2059 1448 2094 teils
1478 2059 1567 2095 fasst
1598 2071 1637 2095 er
1669 2060 1719 2095 sic

977 2121 1005 2144 c.
1030 2113 1084 2151 13,
1105 2112 1197 2143 5-—6
1217 2117 1441 2142 zusammen.
1461 2107 1537 2151 vgl.
1552 2106 1613 2149 24,
1630 2111 1670 2141 12
1687 2111 1718 2142 2.

1024 2167 1099 2191 non
1117 2155 1431 2199 tantum-qnam]
1453 2153 1500 2188 So
1515 2154 1630 2189 findet
1641 2153 1720 2189 sich

975 2215 1084 2248 quam
1108 2203 1206 2237 nach
1226 2212 1300 2236 non
1320 2203 1458 2244 tantus,
1483 2212 1558 2236 non
1576 2205 1721 2236 tantum

976 2250 1036 2286 bei
1061 2250 1142 2286 Liv.
1175 2249 1269 2284 noch
1304 2247 1425 2292 einige
1458 2247 1557 2283 Male
1583 2248 1658 2293 vgl.
1688 2248 1719 2291 7,

979 2301 1032 2341 15,
1061 2301 1103 2331 10
1129 2307 1192 2331 nec
1213 2297 1254 2330 in
1275 2295 1352 2330 acie
1370 2295 1423 2329 ibi
1442 2298 1585 2330 tantum
1604 2296 1720 2330 cladis

977 2347 1172 2389 acceptum,
1197 2353 1316 2387 qnam.

1024 2395 1056 2426 4.
1083 2391 1263 2433 traaeerat]
1292 2389 1413 2423 ‘hatte
1441 2389 1538 2424 nach
1558 2389 1637 2424 sich
1657 2399 1719 2434 ge-

977 2436 1481 2519 20512n5⁷smp³301t¹¹315⁵³¹32g
1507 2435 1721 2518 ἒθξγὲἑῖξε

975 2496 1128 2577 Ξὲεῃευτῗ
1150 2531 1210 2574 25,
1232 2511 1288 2574 36⁸,
1310 2534 1353 2565 15
1369 2511 1512 2574 ’partim
1531 2495 1695 2565 'doloriiffi
1713 2558 1719 2565 .

971 2579 1125 2623 publiea
1169 2578 1334 2612 trahebat
1370 2577 1505 2620 clades;
1541 2577 1615 2621 vgl.
1654 2577 1720 2612 das

976 2624 1213 2660 formelhafte
1257 2635 1331 2659 rem
1368 2624 1509 2660 trahere
1546 2625 1596 2659 acl
1633 2625 1718 2668 aliq.

977 2671 1037 2715 23,
1064 2675 1097 2716 8,
1124 2676 1155 2705 2.
1183 2670 1243 2714 24,
1273 2675 1306 2715 2,
1333 2674 1365 2705 8.

1023 2718 1182 2763 recepta]
1210 2717 1294 2752 dem
1313 2717 1396 2752 Abl.
1423 2717 1618 2759 defectione
1643 2717 1720 2751 ent·

976 2764 1117 2809 spricht
1152 2763 1204 2798 im
1236 2764 1391 2798 zweiten
1427 2762 1637 2807 Satzgliedc
1667 2774 1721 2798 re—

977 2815 1099 2855 cepta;
1118 2811 1188 2845 wie
1213 2810 1292 2845 Liv.
1321 2809 1376 2844 oft
1408 2809 1473 2844 das
1499 2809 1598 2845 Part.
1625 2810 1720 2845 Perf.

977 2858 1077 2894 Pasa
1109 2857 1179 2892 mit
1211 2856 1332 2892 einem
1356 2856 1501 2891 Nomen
1533 2857 1625 2892 statt
1656 2857 1720 2892 des

978 2905 1097 2941 Subst.
1116 2905 1228 2939 abstr.
1249 2903 1462 2947 anwendet,
1484 2920 1528 2932 =
1549 2903 1614 2939 der
1633 2904 1721 2939 Um-

1417 2965 1434 2996 1

1401 1477 1450 1504 ea
1487 1464 1579 1504 tum
1618 1477 1718 1505 cura
1745 1475 1765 1506 3
