1963 3308
213 154 269 196 34
736 156 880 191 LIBER
904 157 1034 192 XXVI.
1087 157 1185 194 CAP.
1215 162 1268 193 16.
1597 176 1622 195 a.
1650 177 1678 195 u.
1704 171 1767 196 543.

212 263 465 318 (quiritaret)
503 263 602 317 quia
639 277 789 316 parum
827 263 938 321 inter
976 265 1179 318 strepitus
1217 267 1406 307 exaudiri
1442 271 1618 321 possent
1657 281 1768 324 quae

211 322 543 375 vociferabatur,
582 321 795 362 silentium
834 322 924 363 fieri
960 321 1160 364 Flaccum
1198 323 1390 380 iussisse,
1427 328 1518 367 tum
1555 327 1763 369 Tauream

210 381 302 434 illa,
335 394 440 434 quae
474 382 571 421 ante
603 382 838 422 memorata
871 384 987 433 sunt,
1026 381 1201 436 dixisse,
1237 383 1374 424 virum
1408 398 1451 425 se
1481 385 1764 428 fortissimum

212 440 264 480 ab
302 453 572 493 nequaquam
610 441 702 493 pari
735 439 787 480 ad
818 440 1020 482 virtutem
1053 441 1205 495 occidi,
1244 442 1321 483 sub
1360 442 1465 484 haec
1502 443 1616 486 dicta
1645 446 1765 487 iussu

210 498 477 551 proconsulis
509 513 764 552 praeconem
790 499 852 540 ita
883 500 1186 553 pronuntiasse
1220 500 1377 555 elictor,
1408 502 1500 543 viro
1531 502 1635 544 forti
1659 504 1764 546 adde

210 557 373 612 virgas,
413 559 455 598 et
485 557 528 598 in
561 571 655 598 eum
692 558 878 612 primum
909 559 1000 611 lege
1035 558 1140 614 age'.
1201 560 1358 601 lectum
1395 575 1562 615 quoque
1594 566 1763 605 senatus

212 616 469 670 consultum,
502 616 749 671 priusquam
777 617 913 658 securi
938 618 1101 672 feriret,
1129 618 1301 672 quidam
1329 622 1524 661 auctores
1551 622 1667 674 sunt3
1693 622 1765 663 sed

211 675 310 729 quia
341 674 602 729 adscriptum
634 676 679 716 in
706 679 878 717 senatus
905 677 1101 719 consulto
1133 678 1278 732 fuerit,
1312 679 1346 719 si
1372 679 1409 719 ei
1440 678 1673 733 videretur,
1703 680 1769 721 in-

209 736 378 788 tegram
398 749 487 775 rem
509 734 560 775 ad
582 736 776 776 senatum
801 736 996 790 reiceret,
1021 736 1350 790 interpretatum
1372 752 1479 792 esse,
1507 737 1608 792 quid
1628 739 1766 793 magis

212 808 233 834 e
265 807 309 834 re
341 793 514 847 publica
546 793 734 846 duceret,
767 794 1109 836 aestimationem
1143 795 1224 836 sibi
1255 797 1518 850 permissam.

330 850 519 906 Capuam
560 866 583 892 a
622 850 793 893 Calibus
832 853 1014 894 reditum
1053 856 1133 908 est,
1173 854 1401 909 Atellaque
1439 858 1481 896 et
1518 854 1684 897 Calatia
1721 856 1767 897 in

210 910 469 952 deditionem
515 914 724 965 acceptae.
792 911 852 952 ibi
894 926 1058 966 quoque
1102 912 1146 953 in
1191 928 1281 968 eos,
1324 915 1396 969 qui
1439 915 1581 968 capita
1624 929 1767 956 rerum

212 972 348 1023 erant,
394 969 749 1011 animadversum.
815 970 877 1011 ita
921 971 973 1012 ad
1018 972 1294 1027 septuaginta
1335 973 1549 1027 principes
1595 977 1768 1015 senatus

210 1028 444 1082 interfecti,
475 1029 655 1070 trecenti
686 1029 818 1070 ferme
849 1030 1014 1071 nobiles
1039 1028 1247 1084 Campani
1279 1031 1322 1072 in
1349 1045 1559 1073 carcerem
1593 1033 1769 1087 conditi,

212 1088 287 1129 alii
320 1102 396 1141 per
424 1088 637 1130 sociorum
658 1087 801 1129 Latini
828 1089 1014 1130 nominis
1041 1090 1167 1131 urbes
1199 1090 1244 1130 in
1271 1091 1484 1132 custodias
1517 1091 1607 1132 dati
1637 1091 1769 1133 variis

214 1147 380 1188 casibus
412 1147 686 1200 interierunt,
719 1148 950 1190 multitudo
980 1148 1064 1189 alia
1097 1149 1252 1190 civium
1274 1148 1590 1204 Campanorum
1616 1164 1771 1191 venum

167 1217 183 1225 ”
213 1205 323 1247 data.
375 1205 424 1246 de
453 1206 558 1247 urbe
586 1220 772 1261 agroque
799 1207 965 1261 reliqua·
991 1207 1249 1249 consultatio
1283 1208 1383 1263 fuit,
1416 1209 1669 1262 quibusdam
1701 1209 1770 1250 de-

210 1264 382 1306 lendam
403 1265 673 1306 censentibus
694 1266 843 1307 urbem
870 1265 1179 1321 praevalidam,
1211 1268 1514 1322 propinquam,
1540 1268 1771 1310 inimicam.

213 1326 398 1366 ceterum
425 1338 626 1378 praesens
648 1325 813 1366 utilitas
834 1326 954 1379 vicit,
984 1340 1086 1366 nam
1112 1329 1287 1379 propter
1308 1340 1475 1381 agrum,
1509 1342 1633 1381 quem
1654 1327 1771 1369 omni

211 1382 434 1424 fertilitate
472 1385 611 1424 terrae
651 1383 756 1424 satis
795 1385 1020 1426 constabat
1057 1386 1239 1438 primum
1278 1385 1322 1426 in
1353 1385 1483 1426 Italia
1521 1400 1630 1440 esse,
1669 1386 1771 1428 urbs

214 1445 381 1483 servata
409 1444 487 1489 est,
520 1444 567 1482 ut
594 1445 704 1484 esset
731 1443 873 1497 aliqua
894 1446 1109 1485 aratorum
1131 1443 1263 1485 sedes.
1313 1445 1409 1485 urbi
1435 1444 1771 1499 frequentandae

259 1558 450 1603 quiritare]
497 1569 568 1593 von
614 1559 697 1593 dem
738 1559 955 1594 Substantiv

215 1605 374 1650 Quirites
400 1605 606 1649 abgeleitet
633 1623 674 1635 =
701 1607 805 1649 fidem
832 1607 954 1652 Quiri-

212 1653 302 1686 tium
339 1653 555 1696 implorare;
600 1653 726 1698 haufig
770 1665 841 1688 von
887 1654 957 1688 den

216 1699 286 1734 mit
306 1699 428 1733 Ruten
450 1699 723 1744 Gepeitschten.

1030 1559 1121 1594 latia
1147 1559 1290 1594 siidlich
1316 1571 1387 1594 von
1414 1560 1538 1603 Capua
1562 1560 1703 1605 liegen,
1731 1571 1770 1595 so

1031 1607 1121 1651 geht
1156 1607 1220 1641 der
1256 1607 1410 1641 nachste
1444 1607 1540 1651 VVeg
1577 1619 1649 1642 von
1687 1607 1773 1641 dem

1032 1656 1192 1688 ersteren
1204 1666 1248 1688 zu
1261 1654 1330 1688 den
1344 1654 1524 1688 letzteren
1534 1654 1624 1689 iiber
1633 1653 1769 1699 Capua.

1031 1701 1097 1735 Die
1133 1701 1219 1736 Orte
1257 1701 1401 1746 folgten
1438 1701 1489 1735 im
1521 1701 1668 1736 Abfalle
1707 1701 1771 1735 der

260 1751 290 1781 3.
321 1747 411 1791 pari
443 1747 491 1781 ad
521 1748 705 1793 virtutem]
740 1748 797 1782 die
825 1747 956 1793 Dinge‚

211 1794 249 1828 in
276 1794 399 1838 Bezug
426 1792 493 1828 auf
520 1794 660 1829 welche
694 1794 752 1829 ein
778 1795 956 1840 Adjektiv

212 1841 299 1886 gilt,
324 1841 470 1875 werden
491 1841 544 1876 oft
563 1841 632 1876 mit
652 1843 699 1876 ad
718 1842 953 1885 bezeichnet3

213 1887 382 1923 deutsch:
401 1888 439 1922 in
448 1888 687 1932 Anbetracht,
699 1888 951 1931 hinsichtlich3

213 1936 291 1970 Liv.
318 1935 416 1980 folgt
446 1936 485 1969 in
512 1935 650 1970 diesem
682 1936 744 1970 bei
769 1936 846 1970 ihm
874 1937 956 1971 sehr

214 1983 497 2027 gewohnlichen
522 1982 736 2018 Gebrauche
764 1983 845 2018 dem
866 1984 956 2019 Vor-

212 2030 313 2065 bilde
351 2029 414 2064 des
448 2029 709 2065 Griechischen
741 2028 834 2074 πρὸς
866 2032 954 2075 (vgl.

214 2077 302 2112 aber
334 2077 427 2111 auch
461 2077 525 2111 das
558 2077 869 2113 ciceronianische
900 2080 956 2121 fa-

215 2125 293 2158 cilis
330 2124 378 2158 ad
414 2124 709 2168 ‘intelliyeudumy
765 2124 829 2169 22,
863 2129 900 2167 2,
934 2130 956 2159 4

214 2171 329 2206 mollis
351 2171 397 2205 ad
421 2171 513 2205 talia
537 2181 631 2216 98118.
666 2172 750 2216 Vgl.
766 2171 824 2216 24,
842 2176 895 2216 13,
914 2176 953 2206 11

214 2219 332 2263 segmis
358 2218 416 2262 ad.

262 2269 293 2301 4.
325 2266 358 2300 si
384 2266 416 2300 ei
440 2265 634 2310 videretur]
670 2265 750 2300 eine
780 2266 955 2301 stehende

215 2312 597 2347 Hoflichkeitsformel
617 2312 654 2346 in
672 2313 742 2347 den
760 2312 956 2347 officiellen

217 2359 528 2403 Schriftstfieken,
580 2360 719 2394 welche
763 2358 842 2394 Ful.
888 2360 957 2394 mit

215 2407 324 2441 Hohn
344 2406 382 2440 in
402 2407 633 2441 wortlichem
651 2407 762 2441 Sinne
781 2407 953 2442 versteht.

215 2453 355 2488 Wollte
376 2454 439 2488 der
455 2453 568 2489 Senat
586 2453 623 2487 in
645 2454 708 2488 der
725 2453 823 2488 That
842 2455 955 2488 etwas

214 2501 253 2535 in
292 2501 356 2535 das
388 2501 582 2536 Ermessen
621 2501 740 2535 seiner
776 2501 956 2535 Beamten

217 2548 364 2591 stellen,
405 2559 443 2582 so
482 2548 585 2582 hatte
618 2559 656 2582 er
694 2559 786 2593 ganz
823 2548 955 2582 andere

215 2595 471 2639 Wendungen.
535 2595 601 2638 27,
641 2596 759 2637 10‚⁴2
798 2596 957 2637 facerent

217 2646 443 2724 (ἐςέενῖἑΐᾳῗὲ,
468 2645 545 2723 atde
558 2643 752 2724 ggpulbolicg
773 2643 954 2733 lcclzcceregzt.

216 2694 275 2732 z,
351 2718 358 2733 ,
456 2701 504 2724 un
559 2711 617 2733 .,
693 2718 701 2734 ,
793 2700 956 2734 amena,

216 2741 257 2771 ut
281 2748 298 2771 e
322 2737 507 2780 republica
541 2737 678 2781 fideque
701 2747 770 2771 saa
805 2738 956 2781 duceret,

211 2785 399 2827 permissa.
432 2784 505 2829 vgl.
540 2795 588 2818 an
617 2795 695 2819 unS.
725 2784 838 2819 Stelle
870 2785 959 2829 quid

217 2832 331 2874 marsis
356 2842 372 2865 e
397 2842 469 2875 rep.
498 2831 649 2866 duceret.

266 2881 297 2910 5.
326 2877 489 2921 Capuam
510 2890 531 2913 a
554 2877 702 2913 Calibus
726 2879 797 2913 red.
819 2879 883 2924 est]
912 2878 958 2912 da

220 2923 325 2958 Cales
349 2925 516 2959 nordlich
542 2926 616 2960 und
641 2925 766 2960 Atella
790 2925 863 2959 und
891 2924 955 2959 Ca-

1031 1748 1293 1783 Centralstelle
1321 1748 1582 1793 Campaniens,
1613 1748 1683 1783 mit
1708 1748 1773 1782 der

1033 1795 1084 1830 sie
1133 1795 1171 1829 in
1226 1795 1444 1840 politischer
1496 1794 1773 1830 Gemeinschaft

1030 1843 1196 1877 standen.

1078 1894 1108 1924 6.
1136 1891 1188 1924 ita
1215 1890 1263 1924 aa
1288 1889 1465 1934 septuag]
1492 1889 1597 1934 giebt
1621 1889 1680 1924 die
1701 1888 1772 1924 Ge-

1029 1938 1266 1971 samtsumme
1305 1936 1368 1971 der
1406 1937 1470 1970 auf
1509 1936 1607 1971 diese
1648 1936 1771 1972 Weise

1029 1984 1335 2029 Hingerichteten
1361 1995 1423 2026 an,
1455 1987 1498 2018 25
1524 1983 1562 2018 in
1588 1984 1771 2027 Teanum3

1030 2034 1073 2065 28
1099 2032 1136 2065 in
1165 2030 1287 2074 Cales3
1319 2031 1377 2065 die
1403 2030 1558 2075 iibrigen
1584 2031 1622 2064 in
1646 2031 1773 2066 Atella

1030 2078 1105 2112 und
1133 2077 1286 2112 Calatia.

1076 2126 1117 2159 5„
1151 2125 1333 2159 custodias
1370 2125 1457 2159 dati.
1491 2124 1565 2168 vgl.
1598 2135 1627 2160 0.
1662 2128 1715 2166 14,
1750 2128 1769 2158 9

1030 2173 1068 2206 z'u
1102 2172 1283 2206 custodias
1312 2172 1422 2205 missi.
1444 2191 1486 2196 -—
1507 2171 1641 2205 ‘nobiles
1669 2170 1770 2206 Gam-

1026 2220 1120 2263 paui
1146 2219 1227 2253 sind
1249 2218 1449 2253 Senatoren
1469 2217 1544 2251 und
1564 2217 1686 2252 Ritter
1706 2229 1770 2253 aus

1030 2276 1122 2310 ganz
1164 2265 1406 2309 Campanien,
1450 2265 1552 2299 nicht
1595 2277 1663 2299 nur
1706 2276 1773 2300 aus

1031 2313 1156 2357 Capua
1181 2312 1304 2347 allein.

1079 2364 1108 2395 7.
1142 2360 1282 2404 reliqua
1314 2359 1529 2394 consultatio
1564 2359 1653 2405 fuit]
1695 2359 1771 2395 ‘die

1029 2407 1217 2451 Beratung
1236 2406 1421 2450 erubrigte
1441 2406 1565 2441 noch'.
1606 2407 1677 2441 Wo
1696 2406 1772 2441 und

1029 2466 1134 2488 wann
1160 2454 1259 2488 diese
1279 2453 1468 2498 Beratung
1493 2454 1772 2498 stattgefunden

1029 2501 1125 2535 habe
1150 2501 1225 2535 und
1252 2511 1326 2535 wer
1351 2501 1459 2534 unter
1488 2501 1702 2545 quibusdam
1727 2513 1771 2535 zu

1028 2548 1223 2583 verstehen
1239 2547 1302 2591 sei,
1322 2547 1372 2582 ist
1391 2547 1494 2582 nicht
1507 2549 1654 2592 gesagt;
1676 2548 1769 2582 doch

1031 2596 1129 2640 zeigt
1154 2599 1184 2637 ξ.
1213 2599 1255 2630 10
1289 2596 1333 2630 ab
1359 2595 1476 2629 Roma
1501 2596 1670 2629 missuros
1695 2593 1770 2627 und

1031 2654 1059 2677 c.
1088 2647 1142 2685 17,
1172 2647 1188 2676 1
1222 2642 1381 2677 Romani
1409 2645 1548 2685 patres,
1580 2639 1658 2675 dass
1691 2639 1769 2674 Liv.

1032 2689 1108 2724 sich
1147 2690 1204 2724 die
1243 2689 1553 2731 Vei'handlungen
1593 2699 1637 2721 zu
1674 2687 1769 2721 Rom

1029 2736 1081 2771 im
1115 2736 1246 2772 Senate
1282 2736 1442 2780 gedacht
1471 2735 1546 2769 hat.
1604 2734 1653 2767 Zu
1691 2735 1770 2778 qui-

1032 2785 1180 2818 busdam
1203 2783 1276 2827 vgl.
1305 2794 1332 2816 0.
1355 2786 1410 2824 42,
1431 2785 1450 2815 2
1477 2781 1530 2815 ibi
1554 2782 1769 2825 quibusdam

1030 2831 1275 2865 suadentibuS.

1079 2881 1110 2912 8.
1126 2875 1327 2921 aratorum]
1344 2875 1508 2910 Bebauer
1522 2875 1556 2909 d.
1571 2875 1605 2910 h.
1627 2875 1770 2909 solcher

1033 2924 1165 2959 Romer
1179 2923 1265 2958 oder
1274 2922 1618 2968 Nicht-Campaner,
1631 2921 1744 2957 welch
1751 2932 1776 2955 e-
