1963 3308
667 159 959 195 KRITISCHER
984 158 1199 194 ANHANG.
1630 158 1651 196 1
1660 157 1680 196 1
1690 157 1711 196 l

162 269 225 314 qui
257 268 430 311 dicerent,
462 267 556 302 nihil
588 267 750 302 adtinere
780 267 894 302 omnis
926 266 1141 301 tumultuose
1172 265 1359 300 concitari.
1393 263 1427 308 2,
1453 267 1510 308 29,
1536 266 1556 298 5
1582 263 1714 298 tumul-

161 315 310 351 tuosius.
356 314 426 349 Zur
457 313 725 349 Konstruktion
751 313 790 357 2,
818 318 873 356 26,
906 317 926 348 5
954 314 1058 348 cuius
1081 314 1290 355 (exercitus)
1313 313 1432 356 fama
1457 311 1557 357 haud
1582 311 1715 355 procul

159 363 235 398 iam
259 362 305 397 ab
331 362 464 396 Aricia
487 363 557 397 visi
583 365 684 397 tanto
709 361 866 396 tumultu
891 361 1087 396 concivit
1110 359 1307 402 Romanos,
1331 363 1372 395 ut
1398 388 1405 395 .
1427 387 1435 395 .
1457 385 1464 393 .
1491 351 1591 394 Uber
1619 358 1716 402 quod

158 409 253 444 nach
284 420 392 455 quarn
426 409 498 454 vgl.
526 408 593 453 26,
626 413 656 451 6,
684 413 723 451 4,
754 420 863 453 quam
893 408 988 452 quod
1012 411 1125 451 porta
1156 408 1230 442 und
1256 408 1296 442 L.
1330 419 1364 452 p.
1392 406 1473 440 LXI
1498 406 1540 440 de
1570 405 1715 440 vocibus

158 457 306 501 spuriis.
358 456 455 491 Uber
487 456 556 491 den
590 455 753 500 Wegfall
786 455 850 489 der
880 454 1115 499 Priiposition
1146 465 1212 489 vor
1244 454 1362 489 einem
1388 452 1647 498 Kompositum
1675 451 1713 486 in

157 503 197 538 P.
231 504 303 548 vgl.
336 504 376 538 L.
410 516 444 548 p.
472 502 720 537 LXXXVIIII.
779 502 899 537 Dureh
932 501 1158 546 Einsetzung
1194 512 1267 536 von
1292 504 1538 545 propagatum
1569 499 1716 534 kommt

160 550 234 586 Md.
262 551 515 595 notwendiger
534 550 658 584 W'eise
684 562 726 583 zu
752 550 931 590 discursu,
955 548 1029 592 vgl.
1053 548 1190 592 jedoch
1210 548 1287 582 Liv.
1309 548 1370 591 26,
1399 550 1453 591 15,
1481 551 1499 582 7
1521 557 1713 582 concursu-

164 609 230 643 que
254 599 303 633 ad
321 599 483 642 primum
509 598 665 642 equitum
690 597 890 640 inyressum
914 596 1021 638 facto.

261 649 314 687 10,
341 649 361 679 2
385 646 528 689 placuit
547 643 738 688 ponerent]
759 653 894 687 ponere
918 641 1014 676 nach
1041 652 1072 679 ς.

258 696 314 734 10,
340 696 360 727 6
386 695 451 727 aut
476 701 584 726 cavas
609 690 769 734 undique
792 689 886 734 vias]
914 693 946 724 et
971 699 998 723 e.
1025 699 1061 724 u.
1087 699 1118 723 v.

257 749 311 790 11,
339 749 359 780 5
385 748 416 780 et
442 743 551 788 aliae]
579 744 672 777 duae
697 742 800 776 aliae.
828 741 901 775 Md.
929 752 998 776 em.
1026 741 1065 777 L.
1087 753 1122 786 p.
1143 745 1223 785 373,
1250 741 1322 786 vgl.
1350 740 1410 784 35,
1436 744 1493 783 40,
1518 745 1547 775 7.
1576 739 1636 784 37,
1659 745 1714 784 15,

164 797 182 827 7
211 792 373 828 dieselbe
398 790 694 834 Redewendung.

260 845 314 883 11,
341 844 360 874 6
387 849 443 873 eos
467 837 558 882 dies]
580 848 647 880 per
673 847 729 871 eos
757 836 832 870 dies
856 835 951 870 nach
979 839 1014 879 ς,
1039 836 1114 881 vgl.
1141 835 1200 878 26,
1229 839 1284 879 12,
1310 840 1341 870 3.

255 892 310 929 11,
337 889 356 920 9
385 884 580 928 Capenatis
605 884 740 928 aliique
765 883 905 918 accolae
929 884 1006 918 eius
1031 883 1150 929 erant]
1175 883 1373 928 Capenates
1399 884 1545 928 aliique,
1571 885 1635 928 qui
1655 895 1712 919 ac-

162 934 258 969 colae
281 933 357 967 eius
382 934 495 973 erant,
516 932 705 975 primitias
730 934 790 966 etc.
818 930 975 965 Gronov.

254 988 308 1029 12,
333 988 354 1018 2
380 996 534 1029 namque
559 996 602 1019 ex
629 984 781 1018 Lucano
806 984 847 1017 in
870 983 1062 1018 Bruttium
1087 983 1232 1029 aqrum]
1259 994 1413 1028 namque
1431 995 1500 1027 per
1523 984 1714 1019 Samnium

157 1036 189 1068 et
202 1032 383 1067 Lucanos.
404 1032 477 1066 Md.
497 1036 576 1076 (per
596 1031 787 1066 Samnium
799 1031 1060 1075 Apuliamque)
1079 1034 1112 1065 et
1130 1031 1310 1066 Lucanos.
1345 1031 1385 1065 L.
1404 1030 1472 1065 Die
1493 1031 1714 1076 Erg‘anzung

155 1079 206 1115 ist
230 1079 413 1114 durchaus
438 1079 623 1121 unsicher3
657 1079 784 1122 Polyb.
812 1082 850 1122 9,
886 1083 903 1113 7
930 1075 1182 1123 ποιησάμενος
1214 1077 1255 1113 δὲ
1283 1075 1350 1122 τὴν
1376 1079 1533 1121 πορείαν
1560 1077 1623 1113 διὰ
1650 1080 1715 1124 τῆς

159 1127 328 1166 Δαννίας
353 1126 416 1161 καὶ
442 1127 506 1169 τῆς
525 1128 699 1170 Βρεττίας
724 1126 825 1160 kann
844 1125 903 1159 fiir
923 1125 981 1160 die
1001 1125 1221 1170 Ergfmzung
1241 1125 1344 1160 nicht
1362 1124 1603 1171 massgebend
1624 1127 1715 1170 sein,

160 1175 207 1208 da
231 1173 310 1208 Liv.
337 1174 417 1208 hier
442 1174 642 1218 durohweg
667 1173 750 1207 dem
775 1172 852 1207 Pol.
881 1171 987 1207 nicht
1010 1172 1116 1218 folgb.

254 1224 307 1263 12,
330 1225 372 1255 15
392 1222 467 1255 iam
480 1222 654 1265 professis
673 1220 833 1265 operam]
855 1231 941 1255 eam.
969 1220 1104 1255 Duker.
1131 1223 1204 1254 tam
1224 1220 1308 1266 diu]
1330 1221 1403 1255 iam
1423 1221 1498 1255 diu.
1529 1219 1711 1266 Sigonius.

257 1272 311 1312 13,
336 1271 359 1301 4
385 1269 474 1312 quid
497 1268 573 1313 vos]
601 1267 715 1312 quid?
740 1278 810 1302 vos.
837 1267 911 1301 Md.

256 1319 310 1357 13,
338 1319 358 1350 9
384 1317 462 1350 irae
487 1319 592 1360 atque
617 1316 694 1349 odii
717 1315 954 1358 ineaepiabilis
979 1315 1258 1359 execrabilisque
1283 1316 1461 1350 indicium
1486 1315 1550 1360 est]
1572 1326 1713 1350 eaeecra-

161 1364 243 1399 bilis
273 1363 577 1407 ineoeorabilisque
608 1362 664 1396 Ff.
695 1363 905 1396 exsecrabilis
936 1363 1271 1407 (ineoepiabilisque)
1301 1362 1341 1397 L.
1375 1363 1471 1397 nach
1502 1362 1714 1397 Alschefski

160 1410 235 1445 und
260 1410 387 1455 stg.
438 1409 506 1444 Die
542 1409 762 1455 Erg'anzung
791 1409 905 1443 findet
934 1409 1114 1454 riehtiger
1144 1421 1192 1444 an
1218 1410 1365 1444 zweiter
1391 1410 1505 1444 Stelle
1531 1411 1634 1453 statt,
1660 1410 1714 1444 in-

162 1458 246 1492 dem
279 1457 344 1491 das
369 1458 475 1502 Auge
507 1457 571 1492 des
597 1456 859 1491 Abschreibers
891 1457 982 1491 fiber
1007 1456 1065 1492 die
1092 1456 1263 1502 gleichen
1289 1457 1493 1501 Endungen
1518 1457 1594 1491 fort
1618 1457 1714 1492 nach

159 1515 225 1550 que
263 1504 410 1539 abirrte.
460 1505 698 1538 inexorabilis
735 1503 926 1548 empfiehlb
964 1505 1041 1539 sich
1077 1505 1131 1539 als
1164 1505 1202 1539 in
1234 1505 1299 1539 der
1333 1504 1471 1539 schrift
1503 1505 1715 1539 execrabilis

159 1553 233 1586 fast
258 1551 485 1596 vollstandig
511 1551 716 1596 gleichend.
754 1549 802 1586 M.
829 1550 964 1586 Miiller
988 1564 1031 1586 zu
1058 1552 1098 1594 2,
1130 1555 1168 1595 3,
1195 1556 1216 1585 4
1242 1552 1381 1586 erkl'art
1406 1563 1443 1586 es
1469 1551 1527 1585 fiir
1553 1547 1616 1586 ἅπ.
1645 1551 1711 1596 εἰρ.

159 1598 219 1634 bei
243 1598 342 1641 Liv.;
374 1599 450 1643 vgl.
477 1597 613 1643 jedoch
638 1597 703 1641 34,
736 1603 774 1641 4,
809 1601 862 1633 18.
915 1599 1086 1634 adversus
1106 1603 1138 1634 te
1163 1603 1194 1634 et
1219 1610 1292 1634 rem
1317 1603 1417 1634 tuam
1436 1602 1468 1633 et
1487 1599 1616 1634 liberos
1634 1602 1714 1634 tuos

158 1646 396 1681 inexorabilis
420 1646 523 1681 st.
566 1647 760 1680 ecc-orabilis
784 1646 834 1680 ist
857 1646 1025 1691 h'aufiger
1050 1645 1110 1690 34,
1141 1650 1172 1690 1,
1201 1651 1218 1681 7
1246 1648 1390 1681 minime
1415 1657 1466 1681 ρο).
1500 1645 1559 1691 25,
1588 1650 1642 1690 16,
1671 1650 1713 1681 12

158 1694 297 1728 nullam
325 1704 486 1737 unquam
517 1697 652 1737 yentem
682 1694 798 1738 maqis
829 1694 1045 1728 eoeorabilem
1070 1695 1395 1738 promptioremque
1422 1694 1546 1728 veniae
1571 1694 1715 1728 dandae

158 1741 280 1782 fuisse.

256 1791 309 1829 13,
339 1791 382 1821 14
407 1788 542 1833 sperat]
567 1791 681 1831 parat
705 1788 801 1822 nach
827 1799 859 1825 ς.

260 1838 313 1876 13,
341 1838 383 1868 15
409 1835 451 1869 in
476 1845 615 1869 carcere
641 1839 705 1869 aut
731 1835 778 1869 ad
802 1836 928 1879 palum
954 1836 1146 1880 cleliqatus]
1176 1837 1216 1869 in
1241 1846 1379 1870 carcere
1402 1837 1453 1877 (m
1479 1836 1631 1878 condar)
1650 1838 1715 1869 aut

160 1881 240 1923 (ad)
258 1882 387 1925 palum
412 1882 507 1916 nach
532 1881 742 1916 Alschefski
766 1883 841 1917 und
866 1882 939 1918 Md.
968 1893 1034 1917 em.
1062 1883 1101 1917 L.
1127 1895 1162 1927 p.
1191 1886 1268 1917 373.
1308 1883 1347 1917 L.
1382 1881 1449 1917 Die
1474 1881 1607 1917 beiden
1625 1882 1714 1916 Hin-

160 1927 458 1973 richtungsarten
483 1930 525 1963 in
550 1940 690 1963 carcere
714 1930 789 1963 und
815 1930 864 1964 ad
883 1930 1013 1974 palu-m
1039 1930 1104 1964 del.
1131 1930 1278 1964 konnen
1303 1928 1518 1973 unmdglich
1543 1941 1586 1962 zu
1613 1929 1712 1963 einer

161 1976 438 2010 verschmolzen
457 1976 615 2019 werden,
641 1976 710 2010 wie
731 1976 846 2011 durch
866 1978 906 2010 in
925 1988 1063 2011 carcere
1082 1978 1131 2011 ad
1151 1978 1279 2021 palum
1299 1978 1365 2012 del.
1386 1976 1488 2020 (Md.)
1509 1976 1713 2021 gesohieht.

161 2021 236 2056 Der
260 2022 406 2057 Redner
432 2023 534 2058 stent
560 2023 737 2058 vielmehr
763 2023 822 2058 die
841 2023 1064 2069 Bestrafung
1089 2025 1140 2058 im
1166 2035 1286 2059 carcer
1310 2024 1428 2058 neben
1455 2023 1713 2070 die-‚gewbhn-

163 2069 260 2103 liehe
279 2069 530 2115 Hinrichtung
555 2072 681 2113 securi,
708 2071 762 2105 als
787 2071 972 2116 generelle
994 2071 1251 2116 Bezeiehnung
1270 2071 1334 2106 der
1359 2071 1493 2105 beiden
1511 2070 1623 2115 Ubel,
1656 2071 1714 2105 die

160 2115 261 2151 seine
299 2116 460 2152 Zuhbrer
498 2118 617 2152 sicher
654 2119 833 2153 erwarten
871 2118 1018 2153 kennen
1054 2119 1142 2162 (und
1174 2119 1234 2153 die
1272 2118 1382 2153 ihnen
1420 2118 1513 2152 auch
1552 2130 1595 2152 zu
1634 2117 1713 2152 Tefl

159 2163 332 2207 werden).
371 2164 455 2209 Vgl.
482 2176 510 2199 c.
541 2169 582 2199 15
609 2177 642 2200 u.
671 2177 699 2201 ο.
728 2168 782 2199 34.

262 2214 316 2253 15,
343 2215 362 2245 3
390 2222 469 2246 cum
494 2213 629 2256 aliquis
654 2213 840 2253 sociorum,
867 2213 999 2247 Latini
1023 2214 1193 2256 nominis,
1218 2213 1514 2257 municipiorum]
1541 2223 1619 2247 cum
1646 2213 1713 2246 ali-

166 2258 246 2301 quis
269 2259 448 2293 sociorum
473 2259 604 2294 Latini
629 2260 785 2294 nominis
810 2259 883 2294 Md.
911 2272 979 2296 em.
1006 2260 1046 2294 L.
1072 2272 1108 2304 p.
1135 2264 1214 2295 374.

259 2314 313 2354 16,
340 2315 359 2345 9
385 2322 449 2346 nec
472 2316 618 2347 senatus
642 2324 705 2348 nec
724 2314 842 2357 plebis
861 2313 1066 2358 concilium]
1089 2325 1153 2348 nec
1171 2317 1334 2348 senatum
1353 2313 1488 2347 Duker.
1534 2312 1604 2347 Ein
1629 2323 1713 2347 con-

162 2357 285 2391 cilium
309 2362 453 2407 senatus
474 2359 705 2394 widerstrebt
729 2360 839 2395 aliem
863 2361 1222 2405 Sprachgebrauche.
1256 2360 1340 2405 Vgl.
1361 2360 1450 2395 Wfl.
1471 2373 1514 2395 zu
1534 2360 1594 2404 21,
1611 2363 1664 2402 14,
1681 2364 1710 2394 1.

161 2402 307 2438 Ebenso
334 2406 483 2439 concilio
503 2407 665 2452 publico]
694 2408 842 2442 consilio
863 2408 1012 2452 publico
1037 2407 1126 2443 ibid.

260 2459 319 2496 17,
353 2461 373 2491 3
404 2458 448 2491 ab
484 2458 537 2492 Ti.
570 2459 724 2495 Fonteio
756 2464 787 2495 et
820 2461 990 2507 BIarcio]
1023 2464 1054 2495 et
1085 2461 1130 2495 L.
1165 2461 1323 2496 Marcio.
1368 2460 1407 2495 L.
1439 2460 1535 2494 nach
1568 2470 1598 2496 ς.
1638 2461 1713 2494 und

162 2502 396 2584 Ιζοῐὲεέἓηὲθω
422 2503 757 2550 Sprachgebrauch.
805 2508 1021 2552 Lahmeyer,
1049 2508 1182 2542 Philol.
1201 2507 1239 2543 B.
1262 2511 1317 2551 22,
1337 2520 1373 2552 p.
1394 2511 1436 2543 63
1458 2507 1492 2543 ff.
1519 2519 1554 2552 p.
1575 2511 1641 2541 471
1665 2506 1711 2549 ff.‚

260 2601 313 2640 17,
341 2602 360 2632 5
386 2599 470 2633 inde
494 2599 637 2645 missus]
665 2601 749 2635 inde
774 2602 919 2636 emissus
943 2602 1017 2636 Md.
1045 2613 1113 2636 em.
1140 2602 1179 2636 L.
1205 2613 1239 2646 p.
1267 2606 1346 2636 374.

261 2648 320 2688 17,
353 2649 372 2679 6
399 2648 440 2679 ut
464 2646 680 2692 (Romam)]
714 2651 754 2681 ut
785 2658 905 2682 coram
929 2647 1003 2682 Md.
1035 2660 1103 2683 em.
1130 2648 1206 2683 Liv.
1235 2653 1313 2682 375.
1352 2648 1424 2693 Vgl
1451 2648 1545 2683 auch
1571 2647 1630 2691 26,
1657 2651 1711 2691 30,

167 2694 226 2726 12:
253 2696 433 2735 maneant,
460 2694 578 2738 inquit
605 2694 816 2737 Marcellus,
843 2698 883 2728 ut
909 2705 1029 2729 coram
1052 2696 1100 2729 iis
1127 2696 1366 2739 respondeam.

260 2743 314 2782 17,
342 2743 360 2773 7
387 2741 532 2774 evadere
555 2741 667 2786 saltu]
695 2742 840 2775 evadere
865 2752 881 2775 e
905 2742 1002 2776 saltu
1026 2742 1121 2775 nach
1148 2753 1178 2779 ς.

260 2790 313 2830 17,
342 2790 383 2821 13
409 2788 664 2833 extemploque]
690 2788 861 2831 eoetemplo
885 2787 981 2823 nach
1008 2798 1038 2824 ς.

261 2836 315 2878 18,
341 2837 361 2867 2
389 2845 450 2869 nec
474 2838 592 2869 tamen
619 2856 657 2859 —
688 2836 811 2881 quam]
838 2846 901 2870 nec
926 2840 999 2870 tam
1025 2855 1070 2860 —
1095 2847 1212 2879 quam.
1241 2834 1397 2870 GronOV.

261 2884 321 2923 18,
353 2885 374 2915 4
404 2885 445 2916 ut
470 2883 683 2926 proconsuli
715 2884 867 2917 creando
892 2884 933 2917 in
958 2882 1183 2926 Hispaniam
1209 2883 1354 2917 comitia
1379 2881 1535 2927 haberet]
1566 2885 1606 2916 ut
1625 2893 1711 2926 pro-

166 2927 303 2961 consuli
334 2929 487 2963 creando
518 2930 559 2963 in
590 2930 813 2975 Hispaniam
846 2931 989 2965 comitia
1020 2930 1235 2964 haberentur
1259 2928 1332 2963 Md.
1361 2940 1427 2964 em.
1458 2928 1535 2964 Liv.
1562 2941 1596 2974 p.
1624 2932 1710 2972 3753
