1963 3308
230 149 313 191 106
732 147 878 183 LIBER
902 148 1032 184 XXVI.
1083 147 1183 183 CAP.
1211 151 1266 182 50.

1627 165 1651 183 a.
1671 165 1700 183 u.
1718 158 1778 185 544.

225 272 397 312 remque
422 257 503 298 tibi
529 271 621 298 eam
654 255 771 297 cordi
803 270 917 308 esse,
949 258 992 296 et
1015 255 1154 297 forma
1184 255 1345 296 faceret
1369 256 1512 310 fidem,
1545 256 1644 312 quia
1675 256 1778 310 ipse,

226 317 262 358 si
301 316 387 358 frui
423 316 571 357 liceret
608 314 708 356 ludo
755 314 926 368 aetatis,
971 315 1222 368 praesertim
1267 314 1311 355 in
1348 316 1462 356 recto
1500 317 1542 355 et
1584 315 1778 369 legitimo

226 389 381 428 amore,
408 376 450 415 et
474 388 562 415 non
586 388 653 415 res
685 373 858 427 publica
883 373 1071 414 animum
1097 375 1291 415 nostrum
1318 376 1578 427 occupasset,
1609 374 1779 415 veniam

225 434 329 475 mihi
355 433 447 474 dari
473 447 674 487 sponsam
699 432 932 486 impensius
959 432 1120 473 amanti
1145 431 1310 486 vellem,
1335 435 1422 485 tuo,
1448 432 1566 473 cuius
1591 447 1780 486 possum,

176 494 198 524 6
226 492 361 534 amori
386 492 522 534 faveo.
565 491 648 533 fuit
674 506 831 546 sponsa
855 494 931 532 tua
957 491 1069 545 apud
1094 505 1160 532 me
1188 491 1334 532 eadem
1363 505 1447 545 qua
1472 491 1583 544 apud
1610 506 1777 534 soceros

223 554 322 593 tuos
354 554 638 606 parentesque
670 565 768 592 suos
796 550 1068 603 verecundia,
1101 553 1270 591 servata
1300 549 1381 590 tibi
1414 551 1495 603 est,
1527 552 1575 591 ut
1605 550 1780 592 inviola-

177 612 198 642 7
225 613 316 652 tum
349 613 389 652 et
423 611 600 666 dignum
632 624 698 651 me
729 612 854 664 teque
888 609 978 650 dari
1009 609 1090 650 tibi
1122 609 1280 650 donum
1311 611 1467 662 posset.
1531 608 1642 650 hanc
1674 623 1780 651 mer-

225 670 368 711 cedem
399 684 528 710 unam
561 684 637 723 pro
670 683 718 710 eo
752 683 924 709 munere
956 669 1166 722 paciscor:
1202 668 1363 709 amicus
1394 667 1552 721 populo
1584 667 1778 710 Romano

226 729 302 783 sis,
328 731 371 770 et
396 729 430 770 si
459 743 525 769 me
551 729 689 769 virum
715 728 873 769 bonum
899 727 1031 769 credis
1059 741 1168 781 esse,
1195 727 1340 782 quales
1366 728 1532 780 patrem
1558 728 1778 780 patruum-

225 802 304 842 que
342 802 484 829 meum
521 787 606 828 iam
645 788 743 827 ante
779 786 860 827 hae
898 788 1046 840 gentes
1084 789 1257 838 norant,
1300 786 1408 827 scias
1447 786 1604 826 multos
1643 785 1780 827 nostri

176 847 197 877 8
226 846 386 888 similes
417 847 461 886 in
494 845 666 887 civitate
691 845 888 886 Romana
919 859 1011 885 esse
1042 859 1120 886 nec
1151 845 1285 886 ullum
1316 845 1361 885 in
1391 844 1517 885 terris
1549 843 1674 886 hodie
1706 858 1778 898 po-

224 906 372 960 pulum
405 905 487 946 dici
518 918 661 959 posse,
700 918 823 958 quem
856 903 996 944 minus
1034 903 1114 944 tibi
1145 903 1313 945 hostem
1349 903 1518 957 tuisque
1551 917 1641 944 esse
1673 903 1778 944 velis

179 966 198 996 9
225 967 299 1006 aut
337 964 521 1005 amicum
558 962 711 1004 malis’.
769 976 863 1003 cum
901 962 1144 1003 adolescens
1182 962 1307 1003 simul
1346 961 1507 1016 pudore
1543 964 1585 1002 et
1624 961 1780 1016 gaudio

223 1023 441 1077 perfusus,
480 1023 672 1064 dextram
705 1020 916 1075 Scipionis
957 1024 1122 1075 tenens,
1161 1021 1260 1062 deos
1295 1035 1440 1062 omnes
1479 1021 1697 1062 invocaret
1729 1021 1782 1062 ad

225 1083 412 1138 gratiam
443 1083 506 1123 illi
536 1095 615 1136 pro
648 1095 691 1122 re
718 1080 1001 1134 referendam,
1036 1080 1238 1134 quoniam
1265 1080 1347 1121 sibi
1371 1094 1642 1134 nequaquam
1675 1080 1779 1122 satis

223 1142 441 1183 facultatis
486 1155 562 1194 pro
603 1155 678 1181 suo
724 1141 865 1181 animo
911 1142 1037 1194 atque
1081 1139 1197 1180 illius
1237 1153 1339 1194 erga
1378 1153 1420 1179 se
1465 1138 1616 1180 merito
1656 1141 1779 1193 esset,

153 1202 198 1233 10
223 1204 422 1255 parentes
449 1200 547 1241 inde
568 1200 825 1254 cognatique
851 1198 1030 1253 virginis
1055 1198 1277 1252 appellati3
1305 1198 1388 1252 qui,
1415 1197 1617 1252 quoniam
1643 1197 1776 1251 gratis

224 1260 307 1301 sibi
350 1258 595 1301 redderetur
639 1259 777 1312 virgo,
824 1257 876 1299 ad
921 1272 1049 1312 quam
1093 1257 1383 1299 redimendam
1427 1257 1529 1298 satis
1574 1270 1779 1311 magnum

154 1320 194 1350 11
224 1319 474 1360 attulissent
506 1318 598 1359 auri
636 1317 816 1371 pondus,
850 1331 971 1359 orare
1005 1315 1263 1370 Scipionem,
1303 1320 1350 1357 ut
1382 1316 1425 1356 id
1457 1316 1509 1356 ab
1543 1330 1586 1356 se
1619 1314 1777 1356 donum

224 1378 450 1432 acciperet,
484 1379 729 1431 coeperunt,
764 1376 877 1417 haud
910 1376 1117 1417 minorem
1150 1376 1239 1416 eius
1272 1376 1334 1416 rei
1368 1374 1478 1429 apud
1512 1388 1555 1415 se
1588 1373 1775 1428 gratiam

222 1436 411 1478 futuram
450 1450 540 1477 esse
579 1436 850 1477 adfirmantes
890 1449 1017 1490 quam
1053 1434 1243 1476 redditae
1280 1434 1509 1476 inviolatae
1546 1432 1658 1474 foret
1695 1434 1775 1474 vir-

272 1604 302 1634 5.
324 1600 425 1635 cordi
443 1600 529 1646 esse]
553 1599 642 1634 “lieb
662 1599 736 1633 und
757 1599 964 1642 angenehm

224 1647 334 1689 sein’;
362 1647 576 1682 formelhaft
599 1647 636 1680 in
657 1647 779 1691 Bczug
805 1646 870 1681 auf
893 1646 964 1680 den

224 1694 429 1739 gottlichen
470 1695 624 1728 Willen:
675 1694 732 1728 dis
775 1694 876 1728 cordi
915 1697 963 1728 est

223 1741 282 1784 22,
308 1746 338 1784 1,
368 1746 426 1784 163
459 1743 534 1786 reyi
560 1741 660 1776 cordi
685 1745 734 1775 est
759 1740 820 1783 28,
849 1744 904 1783 18,
930 1744 960 1774 5.

224 1799 253 1824 c.
280 1793 342 1832 20,
370 1794 398 1823 7.
436 1789 474 1832 8,
503 1793 540 1832 7,
568 1793 587 1823 6
621 1799 662 1822 ne
694 1788 823 1823 collata
856 1790 961 1833 siqua

221 1836 405 1870 nobiscum
431 1837 532 1871 cordi
558 1837 643 1870 sint.

270 1896 354 1929 ludo
400 1895 543 1940 aetatis]
598 1894 718 1929 ‘wenn
762 1894 822 1928 ich
865 1894 963 1928 mich

217 1942 479 1986 jugendlicher
516 1942 608 1976 Lust
647 1941 774 1976 freuen
812 1940 961 1976 durfte’.

222 1990 287 2032 37,
316 1993 378 2032 20,
406 1994 426 2024 5
456 2001 547 2033 pars
579 1990 619 2023 in¹
651 1989 832 2023 iuvenales
864 1989 964 2023 lusus

223 2038 476 2081 lasciviamque
502 2037 604 2071 versi.
654 2035 714 2077 39,
744 2040 796 2077 15,
831 2039 849 2070 7
880 2047 964 2070 con-

223 2095 356 2118 cessum
382 2085 507 2119 ludum
534 2088 563 2118 et
585 2084 780 2118 lasciviam.

269 2144 311 2176 in
334 2146 427 2177 recto
447 2146 479 2176 et
498 2143 652 2186 Ieyitimo
675 2141 808 2186 amore]
830 2145 962 2176 rectas:

223 2201 298 2224 was
325 2201 364 2224 so
385 2190 445 2232 ist,
472 2190 540 2223 wie
562 2200 598 2223 es
620 2187 697 2223 sein
717 2188 798 2222 soll.
827 2188 910 2233 Vgl.
934 2200 962 2224 c.

221 2240 255 2280 8,
278 2242 296 2271 7
317 2241 416 2271 recte.
444 2236 478 2279 3,
502 2240 557 2278 44,
578 2239 597 2269 ‘2
620 2237 676 2269 vir
695 2236 847 2279 eoeempli
866 2237 962 2270 recti.

269 2306 405 2331 soceros
424 2299 503 2330 tuos
515 2294 767 2340 parentesque]
786 2305 852 2338 que
866 2295 964 2328 steht

223 2343 303 2378 hier
329 2343 543 2387 explikativ,
574 2342 696 2376 indem
724 2353 761 2376 es
788 2342 870 2376 dem
898 2342 963 2375 Be-

224 2390 346 2433 griffe:
392 2389 721 2434 Schwiegereltern
760 2389 831 2423 den
869 2388 964 2423 noch

222 2437 338 2472 naher
382 2436 685 2481 specialisierten:
730 2436 857 2470 Eltern
902 2436 966 2470 der

224 2485 337 2518 Braut
356 2483 561 2528 hinzuffigt.
603 2483 662 2526 21,
679 2487 710 2526 6,
726 2487 745 2517 6
770 2484 809 2517 in
829 2483 966 2526 Hispa-

222 2533 323 2566 ‘niam
352 2531 678 2575 Hannibalemque.

273 2595 303 2625 7.
329 2591 467 2625 amicus
491 2589 556 2635 sis]
587 2590 681 2624 nach
707 2589 789 2623 dem
816 2600 964 2623 vorans-

222 2638 417 2683 gehenden
454 2638 547 2671 hanc
582 2638 754 2670 erwartet
790 2647 875 2670 man
912 2639 964 2678 ut,

223 2686 336 2720 durch
383 2685 512 2719 dessen
549 2683 710 2728 Wegfall
748 2683 835 2717 aber
873 2683 964 2717 wird

223 2733 282 2767 die
321 2731 595 2776 Aufforderung
633 2730 853 2775 dtingender
890 2730 964 2764 und

227 2780 422 2815 lebhafter.

270 2827 377 2872 scias]
398 2837 442 2861 sc.
460 2827 551 2860 statt
571 2825 634 2860 des
650 2824 850 2869 Imperativ
863 2825 961 2859 scito.

223 2871 298 2907 Der
323 2874 428 2917 Konj.
455 2873 619 2907 Pr'asent.
653 2872 691 2906 in
720 2871 784 2906 der
809 2871 962 2906 zweiten

223 2919 361 2954 Person
376 2920 524 2954 vertritt
538 2922 575 2954 in
591 2919 655 2954 der
668 2917 962 2954 vorklassischen

1036 1597 1192 1632 Periode
1229 1597 1354 1641 h'aufig
1387 1596 1457 1631 den
1490 1595 1708 1640 Imperativ,
1742 1595 1781 1630 in

1037 1645 1101 1679 der
1126 1644 1353 1679 klassischen
1379 1643 1506 1685 seiten,
1533 1642 1593 1677 bei
1614 1642 1693 1677 Liv.
1719 1655 1780 1677 zu-

1036 1692 1177 1727 weilen.
1220 1691 1259 1734 3,
1287 1694 1349 1733 48,
1377 1694 1398 1724 4
1428 1691 1530 1725 sinas
1558 1711 1599 1714 —
1623 1701 1779 1734 percun-

1035 1740 1139 1774 ctari.
1167 1739 1226 1780 22,
1253 1742 1308 1781 53,
1337 1742 1377 1772 11
1409 1738 1563 1780 afficias.

1082 1791 1112 1820 9.
1145 1787 1281 1830 glaudio
1309 1785 1498 1830 perfusus]
1526 1784 1620 1828 perf.
1650 1784 1777 1829 haufig

1034 1845 1106 1868 von
1126 1833 1307 1868 lebhafter
1322 1833 1513 1877 Erregung
1526 1831 1600 1866 und
1615 1842 1687 1865 von
1708 1831 1780 1866 den

1036 1892 1177 1925 ganzen
1233 1880 1374 1925 Korper
1427 1878 1781 1913 durchstromenden

1037 1928 1349 1972 Empfindungen:
1372 1927 1554 1971 reliyione,
1574 1929 1678 1970 metu,
1698 1926 1778 1960 kor-

1038 1986 1128 2017 rore,
1155 1977 1279 2009 timore
1298 1975 1488 2018 perfundi.

1087 2026 1139 2056 10.
1167 2022 1266 2068 inde]
1295 2022 1359 2056 Bei
1385 2021 1462 2055 Liv.
1488 2020 1580 2054 wird
1607 2020 1672 2054 das
1692 2019 1778 2053 Ein-

1036 2071 1157 2103 treten
1178 2070 1242 2104 des
1263 2069 1295 2103 N
1299 2070 1487 2103 achsatzes
1506 2067 1610 2101 nicht
1629 2079 1697 2101 nur
1712 2066 1782 2100 mit

1036 2121 1111 2151 tam
1131 2117 1205 2150 und
1226 2117 1289 2158 ibi,
1315 2116 1472 2150 sondern
1493 2114 1586 2148 auch
1606 2113 1676 2147 mit
1693 2114 1778 2148 inde

1037 2163 1367 2208 gekennzeichnet,
1429 2163 1523 2196 nach
1583 2171 1779 2204 vorausge-

1037 2221 1245 2255 gangenem
1271 2221 1361 2248 eam,
1382 2212 1574 2253 postquam
1597 2207 1671 2241 und
1690 2207 1780 2241 Par-

1036 2257 1504 2302 ticipialkonstruktionen.
1555 2255 1621 2297 21,
1659 2258 1721 2296 43,
1760 2258 1777 2288 1

1038 2316 1117 2339 cum
1142 2305 1393 2345 dimisisset—,
1419 2303 1582 2337 contione
1607 2302 1690 2336 inde
1716 2301 1777 2336 ad-

1037 2355 1163 2386 vocata
1189 2351 1250 2393 39,
1276 2355 1331 2394 26,
1361 2354 1403 2385 10
1429 2362 1462 2384 u.
1491 2353 1522 2384 ὃ.

1087 2402 1140 2432 11.
1174 2399 1335 2433 redditae
1372 2397 1568 2431 inviolatae
1604 2395 1776 2440 viryinis]

1039 2445 1173 2490 Haufig
1211 2445 1404 2480 verbindet
1433 2444 1512 2479 Liv.
1544 2442 1779 2487 asyndetisch

1039 2492 1128 2527 zwei
1154 2492 1355 2537 Participia
1380 2503 1418 2526 so
1448 2491 1517 2525 mit
1541 2490 1661 2525 einem
1687 2489 1778 2524 Sub-

1039 2539 1187 2582 stantiv,
1212 2539 1290 2574 dass
1313 2540 1378 2573 das
1399 2540 1493 2573 erste
1512 2538 1705 2580 (redditae)
1723 2536 1777 2570 als

1037 2586 1205 2621 Attribut
1248 2598 1291 2620 zu
1335 2586 1546 2621 demselben
1583 2584 1776 2626 erscheint,

1038 2634 1103 2668 das
1123 2633 1252 2669 zweite
1272 2633 1352 2668 eine
1373 2634 1507 2667 nabere
1523 2631 1777 2674 Bestimmung

1037 2682 1100 2716 des
1154 2692 1192 2716 so
1243 2680 1510 2715 entstandenen
1561 2676 1777 2712 Gesamtbe-

1036 2728 1138 2772 griffs
1164 2728 1310 2763 enth'alt
1332 2727 1576 2768 (inviolatae),
1606 2724 1700 2758 auch
1724 2723 1776 2757 im

1036 2775 1117 2811 Abl.
1144 2776 1257 2810 absol.
1284 2774 1318 2817 2,
1341 2778 1372 2817 7,
1393 2778 1410 2807 1
1437 2773 1569 2808 omissa
1592 2771 1703 2805 irrita
1727 2781 1776 2805 re.

1036 2822 1096 2865 27,
1123 2827 1178 2864 34,
1204 2826 1223 2856 3
1249 2822 1428 2856 moderato
1451 2823 1483 2854 et
1502 2818 1679 2863 prudenti
1697 2818 1775 2852 viro

1035 2870 1208 2904 adiuncto
1233 2868 1375 2912 collega.
1404 2867 1437 2909 1,
1466 2869 1519 2907 14,
1546 2869 1567 2899 4
1592 2866 1776 2901 iuventute

1035 2919 1179 2950 armata
1203 2915 1374 2950 immissa.
