1963 3308
113 200 141 218 a.
163 199 190 217 n.
211 191 277 217 chr.
300 191 359 216 210.
588 180 733 216 LIBER
758 180 886 215 XXVI.
940 180 1039 218 CAP.
1067 185 1122 217 46.
1150 186 1205 217 47.
1620 182 1675 225 99

114 293 298 343 travere,
335 292 520 344 pergunt
549 289 646 331 inde
679 292 839 344 quanto
870 290 1061 332 maximo
1094 304 1219 331 cursu
1258 293 1458 345 poterant
1495 291 1548 332 ad
1580 305 1672 334 eam

113 350 304 403 portam,
336 348 450 390 circa
482 363 608 403 quam
636 363 760 391 omne
787 352 1054 391 contractum
1087 352 1303 391 certamen
1329 353 1432 392 erat.
1483 351 1528 391 in
1560 351 1673 406 quod
1701 361 1721 390 -1

114 407 218 449 adeo
250 406 407 448 intenti
440 408 629 449 omnium
661 422 748 449 non
779 408 912 450 animi
944 408 1082 450 solum
1115 408 1250 463 fuere,
1289 409 1363 450 sed
1396 410 1528 451 etiam
1561 410 1675 452 oculi

114 480 320 521 auresque
352 467 637 522 pugnantium
664 468 1030 522 spectantiumque
1057 470 1099 509 et
1125 467 1446 509 adhortantium
1478 483 1672 524 pugnan-

113 528 196 576 tes,
227 526 276 566 ut
306 539 430 567 nemo
458 528 556 567 ante
583 526 636 567 ab
668 528 789 581 tergo
818 526 999 567 senserit
1025 528 1196 579 captain
1228 526 1395 581 urbem,
1427 542 1554 582 quam
1585 529 1672 570 tela
1698 537 1718 568 5

113 585 158 626 in
184 599 356 626 aversos
389 584 629 626 inciderunt
661 587 704 625 et
734 585 946 639 utrimque
973 584 1205 638 ancipitem
1237 585 1406 626 hostem
1438 586 1668 629 habebant.

111 646 214 685 tunc
239 643 424 684 turbatis
451 643 746 685 defensoribus
772 645 889 684 metu
909 645 951 684 et
970 642 1139 683 moenia
1166 646 1308 697 capta,
1336 647 1377 686 et
1402 647 1529 698 porta
1554 646 1670 688 intus
1699 656 1718 687 6

112 702 299 758 forisque
330 703 491 756 pariter
521 702 697 757 refringi
730 703 898 756 coepta3
934 704 976 742 et
1007 716 1106 743 mox
1140 702 1350 744 caedendo
1384 703 1590 745 confectis
1623 720 1671 746 ac

113 761 344 816 distractis,
369 776 422 802 ne
449 762 530 802 iter
549 761 834 815 impediretur,
860 760 1024 802 foribus
1052 761 1206 802 armati
1232 761 1440 816 impetum
1466 762 1672 805 fecerunt.

112 835 270 876 magna
306 819 536 861 multitudo
582 822 625 860 et
662 834 806 861 muros
850 819 1198 874 transcendebat,
1237 821 1310 862 sed
1347 821 1377 862 ii
1414 822 1579 875 passim
1618 823 1671 864 ad
1699 834 1716 864 7

112 880 284 921 caedem
321 878 631 932 oppidanorum
672 880 802 933 versi,
847 879 938 933 illa,
981 894 1089 934 quae
1127 882 1297 933 portam
1334 881 1530 935 ingressa
1568 884 1670 936 erat,

110 939 224 980 iusta
255 937 366 979 acies
398 951 493 979 cum
526 938 720 992 ducibus,
761 952 856 980 cum
889 938 1106 980 ordinibus
1147 939 1287 980 media
1318 940 1421 981 urbe
1460 955 1592 995 usque
1625 941 1669 982 in

110 997 248 1038 forum
281 996 503 1051 processit.
553 996 650 1038 inde
683 1012 778 1039 cum
810 997 977 1039 duobus
1010 997 1235 1039 itineribus
1267 998 1480 1054 fugientes
1508 1000 1669 1041 videret
1695 1011 1715 1041 8

110 1055 276 1110 hostes,
316 1055 424 1097 alios
464 1055 516 1097 ad
547 1057 757 1098 tumulum
798 1056 844 1097 in
876 1057 1084 1098 orientem
1117 1071 1302 1111 versum,
1339 1058 1409 1112 qui
1441 1059 1670 1100 tenebatur

109 1114 442 1170 quingentorum
480 1115 665 1156 militum
703 1115 933 1170 praesidio,
972 1116 1079 1157 alios
1111 1116 1156 1157 in
1187 1131 1345 1171 arcem,
1383 1117 1427 1158 in
1467 1133 1595 1172 quam
1628 1121 1670 1159 et

108 1174 198 1228 ipse
230 1172 358 1229 Mago
393 1188 487 1215 cum
520 1174 716 1216 omnibus
749 1175 837 1216 fere
869 1175 1045 1217 armatis
1084 1175 1156 1230 qui
1187 1176 1320 1217 muris
1353 1177 1465 1230 pulsi
1497 1177 1669 1219 fuerant

108 1232 342 1287 refugerat,
382 1233 539 1288 partim
572 1234 790 1288 copiarum
829 1234 882 1275 ad
913 1234 1125 1275 tumulum
1159 1235 1483 1290 expugnandum
1521 1236 1668 1291 mittit,

108 1292 267 1346 partim
311 1293 401 1346 ipse
446 1292 498 1333 ad
542 1307 683 1335 arcem
730 1293 858 1334 ducit.
921 1296 964 1335 et
1001 1294 1191 1335 tumulus
1228 1294 1367 1348 primo
1405 1295 1568 1349 impetu
1607 1298 1672 1337 est
1696 1307 1716 1337 9

109 1353 278 1406 captus,
311 1353 353 1392 et
372 1350 500 1406 Mago
528 1366 667 1393 arcem
695 1355 873 1394 conatus
905 1352 1147 1407 defendere,
1180 1367 1276 1394 cum
1302 1355 1448 1395 omnia
1479 1353 1670 1396 hostium

107 1410 234 1464 plena
265 1410 426 1451 videret
456 1425 592 1465 neque
624 1426 743 1465 spem
775 1411 907 1453 ullam
941 1426 1050 1462 esse,
1092 1426 1135 1453 se
1175 1427 1398 1468 arcemque
1433 1415 1474 1454 et
1509 1414 1670 1468 praesi-

110 1468 225 1509 dium
258 1469 428 1510 dedidit.
492 1469 632 1524 quoad
665 1470 808 1512 dedita
841 1486 916 1512 arx
948 1474 1029 1524 est,
1065 1471 1214 1513 caedes
1246 1474 1339 1513 tota
1372 1473 1473 1513 urbe
1506 1473 1668 1527 passim
1698 1484 1740 1514 10

108 1528 264 1582 factae,
308 1542 386 1569 nec
425 1529 502 1569 ulli
542 1529 769 1585 puberum,
814 1530 884 1584 qui
924 1530 1073 1572 obvius
1118 1530 1217 1583 fuit,
1260 1531 1532 1585 parcebatur:
1576 1535 1670 1573 tum

110 1587 232 1642 signo
272 1586 371 1629 dato
411 1588 610 1629 caedibus
649 1589 744 1630 finis
783 1589 941 1644 factus,
986 1589 1039 1630 ad
1083 1590 1284 1644 praedam
1322 1590 1505 1632 victores
1544 1591 1669 1647 versi,

109 1660 216 1700 quae
247 1646 396 1701 ingens
431 1647 568 1688 omnis
601 1648 769 1702 generis
801 1648 894 1689 fuit.

224 1704 478 1747 Liberorum
517 1706 703 1760 capitum
746 1707 868 1748 virile
914 1722 1034 1749 secus
1079 1707 1131 1748 ad
1176 1707 1320 1749 decem
1364 1708 1486 1750 milia
1531 1712 1666 1764 capta.
1681 1710 1736 1750 47

107 1763 220 1818 inde,
255 1764 326 1818 qui
360 1765 471 1805 cives
498 1764 646 1806 Novae
675 1764 950 1820 Carthaginis
977 1769 1115 1820 erant,
1148 1766 1328 1821 dimisit,
1359 1767 1592 1823 urbemque
1626 1773 1669 1810 et

109 1837 185 1864 sua
217 1823 380 1877 omnia,
413 1838 519 1878 quae
551 1823 717 1879 reliqua
750 1826 808 1866 eis
842 1825 1000 1866 bellum
1032 1825 1208 1878 fecerat,
1240 1801 1443 1869 restituit.
1494 1827 1666 1881 opifices
1694 1837 1714 1866 2

921 1966 984 1999 tim
1009 1977 1079 1999 nur
1105 1965 1307 2000 adverbiell
1328 1965 1396 2000 mit
1416 1966 1666 2012 abh'angigem

922 2012 1070 2047 Genitiv
1092 2012 1179 2046 oder
1198 2023 1250 2046 επ.
1279 2012 1362 2057 Vgl.
1375 2012 1434 2056 23,
1451 2018 1503 2055 11,
1519 2018 1559 2047 11
1578 2026 1665 2058 par·

919 2060 984 2094 tim
1011 2059 1231 2094 Samnitium
1257 2061 1431 2103 defecisse.
1474 2061 1534 2105 31,
1555 2065 1611 2104 36,
1633 2066 1664 2096 9.

968 2111 1021 2141 10.
1049 2107 1170 2141 caedes
1196 2110 1271 2142 tota
1295 2108 1397 2151 urbe]
1430 2107 1500 2142 Ein
1526 2108 1665 2143 milita-

99 1962 303 2006 plurimum
322 1963 479 2006 periculi
505 1974 547 1998 ac
573 1964 711 1999 timoris
736 1968 847 2000 osteu-

106 2009 275 2051 debatur,
306 2010 369 2044 ibi
401 2011 438 2044 vi
461 2011 597 2045 maiore
622 2012 844 2047 obsistebant.

155 2060 186 2091 6.
213 2057 312 2091 intus
335 2057 509 2103 forisque]
531 2057 590 2092 die
612 2059 846 2094 Zusammen-

107 2103 268 2148 stellung
307 2104 420 2149 zeigt,
466 2104 544 2140 dass
584 2116 621 2139 es
660 2117 706 2140 an
747 2107 847 2141 einer

106 2152 204 2185 intus
230 2152 546 2195 entspreohenden
573 2152 847 2188 Adverbialbil-

104 2198 204 2242 dung
230 2197 340 2241 fehlt,
375 2198 446 2233 wie
473 2195 593 2240 ἐντός,
625 2197 746 2243 ἐκτός;
780 2201 845 2235 das

106 2244 293 2279 Fehlende
312 2246 405 2280 wird
424 2246 539 2280 durch
553 2246 617 2281 das
632 2247 848 2282 Substantiv

106 2293 249 2326 ersetzt.
304 2292 388 2337 Vgl.
431 2294 533 2336 foras
564 2311 607 2323 =
639 2295 701 2329 frz.
745 2296 847 2337 hors,-

106 2339 248 2381 deforas
274 2356 318 2368 =
343 2340 406 2376 frz.
433 2341 568 2375 dehors.

152 2390 183 2420 7.
210 2386 258 2420 ad
283 2387 422 2421 eaedem
446 2388 555 2433 versi]
582 2389 655 2432 vgl.
683 2392 702 2430 ξ
729 2393 771 2423 10
798 2391 845 2425 ad

101 2433 291 2477 praedam,
323 2435 426 2468 sonst
458 2433 506 2468 ist
537 2435 575 2468 in
606 2434 844 2472 feindlichem

106 2479 215 2514 Sinne
258 2480 424 2524 hanfiger
461 2482 502 2514 iu
538 2481 605 2523 35,
643 2487 703 2526 36,
746 2487 765 2517 6
805 2485 846 2519 in

100 2527 276 2571 praedam
301 2528 402 2561 versi

152 2576 183 2608 8.
209 2574 357 2619 videret]
386 2574 450 2608 das
465 2574 621 2619 Subjekt
639 2575 688 2610 ist
709 2576 844 2621 Scipio,

103 2620 172 2655 wie
210 2624 324 2656 unten
360 2622 436 2666 ipse
473 2620 586 2666 zeigt,
626 2589 794 2657 obwohlp
808 2635 846 2658 er

104 2668 174 2703 seit
199 2680 227 2703 c.
254 2671 317 2711 45,
345 2672 363 2702 9
390 2668 494 2702 nicht
523 2669 660 2703 wieder
684 2673 846 2714 genannt

102 2715 159 2750 ist
206 2696 367 2750 Ᾰ111111ο11
394 2715 576 2750 erscheint
601 2727 639 2750 er
669 2716 707 2750 111
735 2728 764 2751 6.
789 2721 846 2760 49,

105 2766 123 2796 7
154 2774 198 2797 zu
228 2764 336 2797 iussit
362 2763 415 2797 als
442 2762 607 2808 Subjekt,
635 2762 780 2798 obwohl
807 2775 845 2798 er

104 2808 175 2844 seit
199 2813 218 2851 ξ
247 2814 264 2844 1
292 2810 395 2845 nieht
419 2810 524 2844 mehr
549 2811 716 2845 erwahnt
741 2810 797 2845 ist.

144 2857 297 2902 partim]
325 2857 380 2892 als
398 2857 595 2892 Accusativ
624 2858 690 2891 auf
705 2859 754 2892 im
774 2857 842 2893 wie

103 2902 184 2937 hier
207 2903 269 2937 bei
291 2904 369 2938 Liv.
395 2905 491 2939 noch
511 2904 631 2949 einige
650 2905 746 2940 Male
768 2905 842 2939 und

104 2949 165 2984 bei
178 2950 372 2993 Dichtern3
393 2950 519 2986 Cicero
534 2952 738 2996 gebraucht
750 2964 839 2997 par—

918 2153 1056 2188 rischer
1094 2154 1236 2188 Brauch
1282 2154 1342 2189 bei
1383 2155 1453 2189 den
1492 2155 1664 2199 Rfimern,

918 2201 1012 2235 auch
1047 2201 1140 2236 ohne
1173 2200 1241 2235 das
1273 2201 1577 2237 Vorhandensein
1601 2203 1666 2237 be-

922 2248 1094 2283 sonderer
1108 2247 1357 2294 Erbitterung.
1382 2249 1451 2284 Mit
1465 2249 1548 2284 dem
1559 2250 1664 2284 Blut-

919 2295 1014 2330 bade
1064 2295 1189 2330 wurde
1240 2296 1306 2330 auf
1347 2296 1404 2331 ein
1453 2297 1662 2341 gegebenes

920 2342 1077 2377 Zeiehen
1102 2344 1220 2387 (siquo
1243 2344 1343 2385 dato)
1371 2344 1569 2388 ausgehort
1588 2344 1664 2378 und

919 2402 983 2423 zur
1002 2389 1240 2434 Plfinderung
1259 2390 1497 2434 geschritten.
1525 2390 1584 2434 27,
1607 2395 1662 2435 16,

921 2441 938 2471 7
974 2449 995 2471 α
1029 2438 1132 2471 caede
1170 2438 1217 2472 ad
1255 2438 1502 2481 diripiendam
1541 2439 1663 2473 urbem

917 2484 1130 2525 discursum,
1157 2484 1190 2527 4,
1218 2488 1275 2525 34,
1301 2488 1332 2520 3.

966 2542 993 2565 c.
1021 2531 1086 2573 47,
1115 2535 1144 2565 1.
1183 2532 1288 2566 virile
1315 2531 1435 2578 secus]
1469 2533 1661 2567 altertfim-

916 2577 1012 2612 liche
1059 2578 1168 2613 Form
1205 2578 1264 2612 fiir
1300 2589 1423 2621 sescus,
1467 2580 1562 2613 auch
1600 2579 1661 2614 bei

918 2623 1057 2660 Sallust
1092 2626 1167 2659 und
1206 2625 1373 2669 Tacitus3
1415 2626 1661 2661 adverbieller

918 2672 1132 2715 Accusativ,
1158 2672 1227 2706 wie
1254 2674 1293 2707 id
1317 2683 1437 2717 yeuus.
1469 2673 1527 2715 31,
1555 2677 1610 2715 44,
1638 2677 1659 2706 4

919 2719 1021 2751 virile
1047 2729 1090 2752 ae
1114 2719 1283 2753 muliebre
1307 2729 1415 2753 secus.

966 2765 1077 2809 cives]
1114 2763 1180 2799 Die
1215 2764 1452 2809 Gefangenen
1485 2765 1659 2800 zerfallen

914 2811 953 2845 in
974 2815 995 2845 4
1015 2811 1185 2846 Klassen:
1219 2813 1308 2846 cives
1333 2812 1407 2846 und
1434 2813 1592 2856 opifices,
1614 2830 1658 2840 =

914 2858 1018 2893 Freie
1034 2858 1108 2892 und
1118 2858 1410 2903 Freigelassene;
1430 2860 1570 2894 incolae
1582 2860 1658 2894 und

914 2906 1007 2940 servi
1031 2922 1073 2934 =
1097 2905 1345 2950 Nichtbfirger
1378 2906 1452 2940 und
1484 2906 1655 2942 Sklaven,

963 2957 992 2987 2.
1021 2952 1178 2998 opifices]
1210 2952 1289 2987 ihre
1315 2953 1569 2988 Nfitzlichkeit
1593 2954 1656 2988 be-

1322 3013 1372 3046 7*
