1963 3308
247 175 301 217 98
712 176 858 210 LIBER
882 175 1012 210 XXVI.
1063 176 1163 212 CAP.
1190 181 1246 211 45.
1273 181 1327 212 46.

1646 195 1670 212 a.
1689 195 1717 214 u.
1739 188 1808 215 544.

248 300 373 340 aqua,
413 298 509 325 acer
547 283 675 323 etiam
717 283 949 336 septentrio
983 285 1100 325 ortus
1133 284 1384 325 inclinatum
1423 287 1621 339 stagnum
1655 286 1802 328 eodem

248 358 331 399 quo
364 344 507 384 aestus
538 341 722 396 ferebat,
754 343 796 382 et
828 342 932 383 adeo
963 342 1201 384 nudaverat
1231 342 1357 397 vada,
1388 345 1436 384 ut
1467 344 1568 385 alibi
1599 345 1801 387 umbilico

201 413 221 444 9
247 405 370 443 tenus
404 415 513 455 aqua
544 402 674 454 esset,
713 400 815 442 alibi
848 413 988 455 genua
1017 401 1088 442 vix
1121 403 1352 455 superaret.

1411 402 1492 443 hoc
1524 416 1623 444 cura
1655 417 1703 445 ac
1735 418 1802 445 ra-

245 461 363 502 tione
396 461 663 514 compertum
694 459 735 500 in
768 460 1014 515 prodigium
1046 474 1094 501 ac
1126 459 1227 502 deos
1258 463 1429 502 vertens
1452 459 1614 516 Scipio,
1645 463 1718 517 qui
1750 462 1805 503 ad

246 519 477 561 transitum
496 518 702 560 Romanis
734 533 852 560 mare
880 521 1097 560 verterent
1121 522 1165 560 et
1196 522 1350 574 stagna
1382 519 1596 561 auferrent
1626 521 1801 575 viasque

249 582 347 620 ante
383 592 616 633 numquam
654 578 783 619 initas
826 578 1013 620 humano
1054 578 1237 633 vestigio
1280 578 1511 632 aperirent,
1554 578 1804 632 Neptunum

246 637 424 679 iubebat
445 637 593 678 ducem
614 636 779 678 itineris
801 637 919 691 sequi
939 651 986 678 ac
1012 637 1150 679 medio
1172 640 1326 692 stagno
1349 637 1523 678 evadere
1544 637 1597 678 ad
1622 639 1802 681 moenia.

177 697 234 739 46
249 697 302 738 ab
328 698 442 738 terra
468 697 618 751 ingens
643 696 765 737 labor
791 696 1115 738 succedentibus
1144 699 1251 751 erat,
1283 710 1360 738 nec
1388 696 1611 737 altitudine
1636 699 1804 739 tantum

248 756 465 798 moenium
484 754 840 809 impediebantur,
867 755 939 796 sed
959 755 1069 809 quod
1096 758 1264 796 tuentes
1287 755 1338 796 ad
1365 755 1571 809 ancipites
1592 755 1806 810 utrimque

249 815 360 856 ictus
382 814 595 856 subiectos
615 813 836 854 habebant
854 813 1091 867 Romanos,
1116 817 1164 855 ut
1188 815 1325 855 latera
1345 814 1568 855 infestiora
1589 814 1804 855 subeunti-

203 885 222 915 2
248 874 327 915 bus
362 887 489 927 quam
523 871 700 913 adversa
726 886 904 926 corpora
936 875 1088 913 essent.
1139 876 1184 914 at
1214 875 1336 927 parte
1369 873 1412 914 in
1444 873 1529 914 alia
1561 873 1807 928 quingentis

250 935 293 973 et
329 946 406 986 per
443 933 644 986 stagnum
682 930 821 972 facilis
859 931 1068 972 transitus
1107 934 1149 972 et
1184 931 1230 972 in
1266 947 1433 973 murum
1470 946 1670 973 ascensus
1709 931 1807 973 inde

249 991 348 1032 fuit:
385 1005 486 1032 nam
523 1004 659 1044 neque
702 1004 829 1044 opere
867 990 1083 1031 emunitus
1123 992 1233 1044 erat,
1269 993 1318 1031 ut
1353 990 1428 1032 ubi
1463 991 1597 1044 ipsius
1637 991 1719 1032 loci
1759 1005 1807 1032 ac

254 1050 398 1105 stagni
429 1049 642 1104 praesidio
668 1049 774 1090 satis
802 1049 1006 1091 creditum
1033 1049 1143 1090 foret
1167 1063 1245 1091 nec
1274 1049 1363 1090 ulla
1389 1052 1650 1091 armatorum
1677 1049 1806 1091 statio

253 1112 328 1150 aut
359 1108 554 1150 custodia
587 1108 784 1162 opposita
815 1108 990 1149 intentis
1022 1108 1219 1149 omnibus
1252 1108 1305 1150 ad
1337 1122 1462 1162 opem
1495 1122 1544 1149 eo
1576 1107 1808 1159 ferendam,

204 1180 224 1211 3
251 1168 361 1210 unde
398 1168 634 1223 periculum
673 1167 987 1209 ostendebatur.

298 1307 379 1331 acer
427 1295 641 1341 septentrio]
696 1296 789 1331 auch
838 1295 994 1330 deutsch

253 1343 430 1378 ‘scharfer
456 1342 587 1377 Nord'.

297 1403 515 1437 inclinatum
552 1402 741 1447 staqnum]
782 1402 856 1437 Der
882 1402 994 1436 Wind

250 1449 346 1485 trieb
379 1449 438 1484 die
471 1449 633 1484 ohnehin
666 1449 779 1484 sehon
809 1449 847 1483 in
877 1449 995 1484 dieser

250 1496 437 1541 Richtung
468 1496 544 1530 sich
575 1496 799 1541 bewegende
830 1497 994 1530 Wasser-

252 1555 370 1579 masse
397 1544 621 1586 ebendahin‚
658 1543 780 1578 wohin
808 1543 867 1578 die
892 1544 994 1578 Ebbe

253 1592 305 1627 sie
325 1603 404 1636 zog.
437 1590 498 1635 29,
521 1595 552 1634 7,
574 1595 592 1625 2
614 1602 692 1626 cum
712 1592 875 1635 primum
895 1595 995 1626 aestu

251 1639 382 1682 fretum
411 1639 627 1673 inclinatum
653 1642 711 1673 est.

301 1708 332 1738 9.
358 1705 399 1738 in
418 1704 631 1747 prodiyium
657 1715 699 1738 ae
724 1703 821 1748 cleos]
853 1714 890 1737 er
923 1703 995 1747 gab

254 1751 318 1786 der
350 1751 468 1786 Saohe
500 1750 580 1785 eine
612 1750 735 1785 solche
767 1751 994 1795 Auslegung,

254 1797 334 1833 dass
356 1798 407 1832 sie
434 1798 492 1832 ein
507 1797 672 1832 Wunder
691 1797 766 1831 und
787 1798 846 1831 die
866 1796 996 1832 Gotter

253 1846 333 1880 ihre
380 1845 546 1880 Urheber
595 1857 639 1878 zu
689 1845 766 1879 sein
811 1845 994 1879 schienen.

256 1904 284 1926 c.
308 1897 361 1935 11,
383 1896 403 1926 3
431 1893 471 1926 in
499 1893 705 1937 religionem
731 1903 833 1926 versa
858 1896 906 1926 est
934 1903 997 1926 res.

255 1939 320 1984 28,
349 1944 409 1983 11,
438 1944 455 1973 1
484 1950 613 1974 causas
641 1940 677 1973 in
705 1940 786 1974 deos
810 1943 951 1974 vertere.

302 2009 401 2033 mare
419 1998 606 2043 verterent]
628 2002 758 2032 vertere
773 2015 814 2026 =
832 2001 998 2039 avertere,

256 2045 323 2089 25,
357 2049 418 2088 25,
452 2050 470 2079 2
497 2047 659 2079 tumulus
694 2056 814 2080 versus
846 2057 869 2079 a
894 2046 998 2079 mari.

256 2103 353 2127 mare
366 2096 497 2127 vertere
512 2110 555 2121 =
570 2097 724 2127 avertere
737 2092 882 2127 kommt
897 2092 1001 2126 nicht

257 2140 386 2174 weiter
410 2150 492 2181 vor;
519 2139 596 2174 Liv.
619 2141 703 2184 sagt
722 2140 825 2174 sonst
845 2143 1000 2174 avertere

257 2199 284 2220 z.
312 2187 351 2221 B.
380 2197 500 2221 amnes
525 2186 584 2228 22,
612 2192 643 2229 5,
671 2190 703 2221 8.

307 2268 334 2291 c.
363 2255 422 2299 46,
445 2261 474 2290 1.
502 2267 564 2291 nee
584 2257 778 2291 altitudine
796 2260 938 2290 tantum
956 2277 998 2281 —

259 2305 318 2338 sed
331 2304 442 2350 quod]
458 2303 629 2338 Varietfit
643 2303 706 2338 der
718 2303 997 2337 Konstruktion.

259 2351 293 2394 2,
333 2355 394 2394 51,
435 2355 453 2385 7
489 2351 662 2394 felicitate
693 2361 841 2396 puynae
884 2351 999 2393 feroae,

260 2399 374 2442 mayis
399 2401 517 2432 tamen
537 2399 633 2442 quia.
660 2398 694 2441 3,
723 2401 756 2441 8,
784 2402 801 2432 7
826 2398 941 2442 maqis
961 2398 1001 2431 in

259 2456 297 2479 re
321 2445 454 2488 subita,
480 2457 587 2489 quam
612 2446 716 2489 quod.

308 2503 463 2549 tuentes]
497 2505 591 2538 tueri
623 2503 771 2538 absolut
797 2520 840 2532 =
866 2503 1001 2537 vel-tei-

262 2550 383 2595 digen,
404 2550 453 2585 ist
471 2550 575 2585 nicht
589 2551 716 2585 weiter
737 2550 1000 2593 nachweisbar,

263 2597 429 2643 dagegen
444 2598 512 2632 mit
525 2599 655 2632 Aecus,
683 2597 742 2641 32,
759 2602 813 2640 14,
828 2602 847 2631 2
866 2600 1001 2631 tuentes

263 2646 393 2679 urbem.
428 2644 487 2688 32,
510 2649 564 2686 13,
591 2649 630 2679 11
652 2646 793 2679 moenia
811 2648 834 2679 t.
862 2644 923 2688 31,
943 2649 999 2687 46,

264 2696 318 2726 11.
353 2691 411 2736 33,
440 2696 471 2735 7,
499 2696 518 2727 6
546 2693 722 2727 tuentium
742 2693 877 2736 pulsos.

311 2757 359 2792 ad
380 2785 386 2791 .
410 2784 416 2791 .
438 2785 445 2792 .
467 2758 559 2791 ictus
578 2756 738 2801 subiect]
759 2757 916 2791 subicere
940 2756 1001 2790 bei

263 2804 343 2838 Liv.
367 2816 435 2838 nur
459 2803 497 2838 in
523 2804 764 2848 eigentlicher
783 2803 1002 2848 Bedeutung

264 2851 333 2885 mit
353 2851 434 2885 dem
450 2851 573 2894 DatiV,
593 2852 683 2893 telis,
701 2852 818 2885 securi
837 2862 866 2885 e.
885 2854 938 2891 13,
959 2854 999 2891 53

264 2897 334 2931 mit
359 2898 407 2932 ad
436 2898 475 2932 in
507 2898 570 2933 der
603 2897 838 2942 Bedeutung:
872 2907 1000 2940 ausge-

267 2945 377 2978 setzt:
404 2944 435 2986 7,
457 2949 511 2988 34,
533 2949 553 2979 5
574 2946 684 2980 hostis
702 2945 879 2979 subiectus
899 2944 1001 2978 nobis

1049 1167 1123 1208 ubi
1161 1167 1310 1208 urbem
1349 1167 1438 1208 sine
1477 1167 1707 1208 certamine
1744 1167 1806 1208 in-

1068 1295 1115 1330 ad
1135 1296 1250 1329 omnis
1269 1296 1381 1336 ictus,·
1408 1296 1509 1329 sonst
1536 1295 1718 1339 eoepositus
1743 1295 1808 1329 ad:

1067 1342 1101 1385 5,
1128 1346 1183 1384 54,
1211 1346 1242 1377 4.

1115 1390 1291 1433 ancipites
1319 1389 1512 1434 utrimque]
1542 1389 1704 1424 beliebte
1728 1390 1810 1423 tau-

1066 1436 1272 1481 tologische
1285 1435 1534 1481 Verbindung.
1562 1439 1580 1478 §
1595 1439 1614 1470 5
1630 1436 1809 1481 utrimque

1068 1485 1261 1528 ancipitem
1286 1484 1417 1518 hostem
1441 1484 1628 1518 habebant.
1666 1483 1726 1527 30,
1753 1487 1810 1527 33,

1070 1536 1112 1565 15
1146 1532 1185 1565 in
1216 1532 1391 1575 ancipites
1423 1531 1471 1565 ad
1508 1532 1601 1565 ictus
1632 1531 1810 1575 utrimque

1068 1579 1291 1613 coniciebant
1334 1578 1414 1612 tela.

1116 1629 1146 1660 2.
1180 1629 1288 1669 parte
1323 1626 1363 1659 in
1396 1624 1487 1670 alia]
1517 1624 1615 1659 Tritt
1640 1624 1676 1658 in
1703 1626 1810 1668 guter

1068 1673 1181 1707 Prosa
1196 1672 1254 1707 die
1268 1671 1502 1716 Praposition
1523 1672 1702 1706 zwischen
1717 1671 1810 1705 Sub-

1069 1720 1207 1754 stantiv
1248 1719 1324 1753 und
1368 1718 1563 1764 Adjektiv,
1608 1730 1647 1753 so
1692 1718 1813 1753 erhalt

1068 1767 1238 1802 letzteres
1276 1766 1334 1800 die
1374 1768 1468 1801 erste
1505 1765 1636 1808 Stelle3
1674 1776 1813 1800 summa

1068 1815 1107 1848 in
1135 1826 1190 1853 re‚·
1229 1814 1287 1848 die
1312 1813 1553 1858 umgekehrte
1581 1812 1751 1857 Stellung
1775 1823 1815 1847 re

1071 1863 1109 1896 in
1148 1872 1287 1896 summa
1329 1861 1379 1895 ist
1422 1860 1655 1895 diehteriseh.
1713 1860 1814 1894 Aber

1071 1909 1207 1954 gerade
1234 1907 1302 1942 mit
1322 1919 1414 1952 pars
1439 1907 1612 1942 scheinen
1638 1906 1709 1942 seit
1733 1906 1813 1941 Liv.

1072 1956 1276 1999 (vielleicht
1330 1956 1368 1990 in
1418 1954 1690 1999 Nachahmung
1738 1964 1812 1988 von

1073 2003 1263 2047 Dichtern)
1295 2002 1450 2047 gewisse
1477 2001 1723 2046 Wendungen
1749 2001 1816 2035 der

1072 2049 1315 2085 historischen
1345 2050 1458 2084 Prosa
1484 2049 1590 2093 eigen
1617 2048 1814 2094 geblieben

1074 2110 1116 2132 zu
1143 2097 1230 2131 sein.
1271 2097 1421 2131 Tacitus
1447 2107 1527 2131 ann.
1553 2100 1608 2138 11,
1628 2100 1648 2129 3
1669 2098 1813 2139 partem

1073 2146 1111 2179 in
1138 2145 1259 2179 aliam.
1294 2143 1497 2185 Quintilian
1515 2143 1548 2184 2,
1570 2146 1624 2184 17,
1647 2145 1688 2175 11
1705 2145 1814 2185 parte

1071 2193 1111 2226 in
1136 2192 1213 2226 hae.
1240 2195 1272 2233 4,
1300 2195 1331 2231 2,
1359 2194 1402 2225 23
1422 2193 1531 2233 parte
1555 2190 1595 2223 in
1620 2200 1706 2223 una.

1120 2249 1221 2282 opere
1246 2237 1441 2282 emmiz'tus]
1467 2236 1517 2270 sie
1538 2246 1614 2270 war
1633 2236 1737 2270 nicht
1756 2234 1813 2269 bis

1073 2297 1136 2319 zur
1154 2285 1276 2319 vollen
1290 2284 1395 2318 Hohe
1416 2282 1633 2328 aufgebaut;
1655 2283 1816 2317 emunire

1071 2332 1166 2366 nach
1185 2331 1314 2376 Vergil
1338 2330 1399 2364 bei
1422 2329 1498 2365 Liv.
1523 2330 1618 2364 noch
1645 2329 1705 2371 21,
1733 2333 1764 2372 7,
1793 2333 1812 2363 7

1071 2379 1146 2413 und
1172 2378 1231 2421 24,
1251 2382 1306 2421 21,
1332 2381 1374 2412 12
1396 2377 1648 2422 angewendet.
1675 2376 1735 2420 33,
1756 2380 1815 2421 36,

1074 2430 1093 2460 5
1115 2426 1328 2470 permunio;
1353 2425 1518 2469 haufiger
1544 2425 1770 2458 communire.

1120 2476 1160 2507 ut
1185 2473 1263 2518 ubi]
1290 2472 1374 2506 Wie
1400 2483 1466 2506 vor
1491 2471 1556 2506 das
1580 2471 1745 2515 Relativ,
1772 2481 1814 2506 so

1072 2522 1192 2554 treten
1230 2520 1324 2554 auch
1361 2530 1427 2554 vor
1463 2519 1527 2553 ubi
1560 2530 1622 2552 zur
1649 2518 1812 2563 Begri‘in-

1073 2567 1172 2612 dung
1192 2571 1242 2609 ut,
1264 2567 1424 2601 seltener
1441 2567 1573 2611 quippe
1586 2565 1659 2600 und
1673 2568 1794 2608 utpote
1801 2577 1813 2605 ;

1073 2614 1132 2656 38,
1155 2619 1210 2657 21,
1233 2618 1275 2648 14
1300 2617 1421 2648 eastra
1444 2613 1591 2657 pavoris
1616 2623 1659 2646 ae
1682 2611 1812 2645 tumul-

1072 2666 1130 2696 tus
1154 2663 1279 2705 plena,
1312 2664 1352 2695 ut
1376 2661 1440 2695 ubi
1464 2660 1617 2702 feminae
1639 2659 1814 2702 puerique

1074 2712 1105 2743 et
1128 2709 1204 2743 alia
1229 2709 1379 2743 imbellis
1405 2707 1512 2740 turba
1531 2725 1573 2730 -—
1595 2709 1687 2740 esset.
1727 2705 1811 2750 Vgl.

1074 2767 1103 2790 e.
1135 2760 1196 2799 48,
1232 2760 1271 2789 11
1312 2755 1444 2799 quippe
1477 2753 1540 2787 ubi
1572 2752 1647 2796 (bei
1684 2751 1813 2787 Cicero

1074 2803 1188 2837 findet
1214 2802 1291 2836 sich
1320 2805 1358 2835 ut
1384 2801 1445 2834 ubi
1470 2799 1597 2843 nicht).

1120 2860 1158 2884 eo
1189 2849 1284 2883 unde
1312 2847 1515 2893 periculum
1546 2846 1811 2891 ostendebatur]

1073 2897 1147 2940 vgl.
1179 2906 1208 2930 c.
1241 2898 1322 2947 44’.
1339 2898 1358 2928 2
1386 2894 1429 2928 ab
1456 2905 1497 2928 ea
1517 2897 1633 2937 parte.
1672 2894 1815 2928 Anders

1072 2942 1159 2977 fafst
1184 2942 1260 2977 Liv.
1288 2941 1347 2976 die
1375 2940 1508 2975 sache:
1541 2941 1606 2985 21,
1633 2945 1664 2985 7,
1692 2945 1710 2976 7
1737 2941 1813 2975 ubi
