1963 3308
265 137 291 177 2
749 134 896 169 LIBER
920 133 1051 168 xxvi.
1104 133 1204 168 CAP.
1235 139 1264 169 1.
1293 139 1323 168 ε».
1663 152 1686 169 a.
1706 151 1734 170 a.
1758 145 1822 171 543.

216 255 237 285 5
264 244 372 299 perii
390 244 641 296 respectum.
687 243 728 281 et
747 240 1018 293 praetoribus
1037 240 1193 294 prioris
1215 241 1325 294 anni,
1345 240 1400 281 M.
1420 240 1448 281 J
1451 241 1550 282 unio
1572 241 1616 282 in
1635 241 1827 296 Etruria,

265 303 311 344 P.
333 301 585 355 Sempronio
612 300 657 340 in
678 298 837 351 Gallia,
870 313 967 340 cum
997 298 1111 339 binis
1142 299 1403 353 legionibus,
1435 313 1540 352 quas
1572 299 1824 351 habuerant,

219 372 237 402 6
264 361 543 415 prorogatum
577 360 641 398 est
672 357 917 410 imperium3
950 359 1232 411 prorogatum
1264 359 1307 397 et
1337 356 1394 399 M.
1418 356 1636 412 Marcello,
1669 361 1716 399 ut
1745 373 1824 413 pro

265 418 436 460 consule
479 417 524 457 in
564 414 709 457 Sicilia
752 415 917 470 reliqua
960 415 1061 456 belli
1104 415 1329 468 perficeret
1367 429 1414 456 eo
1454 417 1656 469 exercitu,
1698 432 1825 471 quem

218 489 235 518 7
263 477 457 518 haberet:
497 474 532 516 si
571 474 868 528 supplemento
908 489 1013 528 opus
1052 476 1181 527 esset,
1226 473 1444 528 suppleret
1481 473 1530 514 de
1571 475 1827 529 legionibuS,

217 547 236 577 8
264 534 417 589 quibus
455 533 500 574 P.
540 531 763 574 Cornelius
800 534 1054 586 propraetor
1096 533 1141 573 in
1179 531 1324 573 Sicilia
1361 534 1594 586 praeesset,
1634 533 1733 574 dum
1770 548 1826 574 ne

263 607 389 648 quem
414 592 597 633 militem
622 591 785 645 legeret
811 605 861 631 ex
888 605 936 632 eo
968 605 1162 645 numero,
1195 591 1347 644 quibus
1375 592 1551 632 senatus
1576 591 1825 633 missionem

216 664 235 694 9
261 652 530 705 reditumque
563 651 605 691 in
638 650 822 703 patriam
854 652 1057 704 negasset
1088 652 1187 690 ante
1220 649 1321 690 belli
1353 650 1492 690 finem.
1552 647 1596 690 C.
1625 648 1826 704 Sulpicio,

264 711 331 752 cui
351 708 498 751 Sicilia
524 710 739 762 evenerat,
773 708 879 748 duae
912 708 1123 762 legiones,
1155 723 1258 762 quas
1278 707 1322 750 P.
1345 707 1567 749 Cornelius
1593 707 1827 764 habuisset,

264 769 459 810 decretae
498 770 539 808 et
578 767 923 820 supplementum
961 766 1011 807 de
1050 767 1236 808 exercitu
1275 765 1348 808 On.
1381 766 1538 820 Fulvii,
1576 767 1647 820 qui
1684 767 1826 820 priore

195 839 237 870 10
265 842 374 868 anno
419 827 464 867 in
505 825 664 879 Apulia
706 824 828 865 foede
872 839 1019 866 caesus
1062 825 1322 879 fugatusque
1366 827 1468 866 erat.
1535 825 1635 865 huic
1679 826 1828 880 generi

263 886 451 926 militum
496 886 668 925 senatus
714 883 893 924 eundem
938 897 1062 937 quem
1106 882 1399 925 Cannensibus
1442 883 1571 923 finem
1616 886 1828 925 statuerat

263 944 460 985 militiae.
528 942 717 983 additum
762 942 891 982 etiam
935 943 1211 996 utrorumque
1255 942 1519 996 ignominiae
1562 944 1644 995 est,
1686 957 1738 984 ne
1782 943 1827 983 in

265 1002 435 1056 oppidis
467 1001 747 1042 hibernarent
775 1014 881 1040 neve
913 999 1094 1041 hiberna
1125 1000 1302 1054 propius
1335 1000 1469 1041 ullam
1501 1001 1649 1041 urbem
1682 1001 1827 1042 decem

195 1073 236 1103 11
264 1061 438 1102 milibus
475 1074 679 1114 passuum
720 1059 1002 1100 aedificarent.
1068 1058 1113 1099 L.
1153 1057 1352 1100 Cornelio
1396 1058 1441 1098 in
1480 1058 1675 1100 Sardinia
1719 1059 1827 1100 duae

264 1120 456 1174 legiones
495 1119 638 1168 datae,
683 1118 836 1171 quibus
876 1116 923 1165 Q.
961 1117 1127 1158 Mucius
1165 1117 1427 1171 praefuerat,
1473 1118 1828 1171 supplementum,

194 1190 238 1220 12
266 1179 301 1219 si
335 1193 442 1231 opus
469 1179 599 1230 esset,
631 1176 826 1217 consules
854 1176 1036 1217 scribere
1068 1176 1187 1217 iussi.
1237 1175 1282 1217 T.
1305 1175 1487 1216 Otacilio
1516 1178 1558 1216 et
1576 1175 1632 1216 M.
1652 1175 1826 1218 Valerio

265 1236 433 1278 Siciliae
467 1235 754 1288 Graeciaeque
793 1249 866 1275 ora
906 1249 1000 1275 cum
1038 1235 1280 1289 legionibus
1320 1234 1635 1288 classibusque,
1673 1235 1827 1288 quibus

264 1297 508 1349 praeerant,
553 1293 763 1346 decretae,
809 1293 1121 1348 quinquaginta
1159 1292 1335 1334 Graecia
1380 1307 1475 1333 cum
1519 1292 1688 1347 legione
1731 1308 1830 1347 una,

199 1366 240 1395 13
263 1356 434 1402 centum
469 1352 614 1394 Sicilia
647 1366 741 1393 cum
775 1352 937 1392 duabus
969 1351 1213 1407 legionibus
1245 1351 1464 1392 habebant
1494 1366 1637 1393 naves.
1689 1352 1827 1393 tribus

266 1415 307 1454 et
344 1411 500 1467 viginti
537 1411 778 1465 legionibus
816 1410 1024 1452 Romanis
1057 1425 1105 1452 eo
1139 1425 1249 1452 anno
1288 1410 1448 1451 bellum
1485 1413 1600 1451 terra
1636 1410 1828 1465 marique

267 1474 331 1512 est
364 1473 544 1526 gestum.

219 1530 245 1571 2
384 1528 602 1582 Principio
642 1528 729 1569 eius
769 1528 869 1568 anni
907 1542 1002 1568 cum
1041 1527 1091 1568 de
1129 1527 1285 1568 litteris
1324 1526 1369 1568 L.
1400 1527 1550 1568 Marcii
1587 1527 1828 1582 referretur,

1131 1666 1175 1688 uc
1212 1655 1252 1688 in
1296 1665 1376 1698 opp.
1421 1654 1507 1697 hia]
1552 1654 1592 1687 In
1637 1654 1829 1688 'ahnlicher

1086 1701 1210 1736 Weise
1231 1704 1380 1735 1111166611
1401 1700 1587 1745 Truppen,
1607 1701 1747 1735 welche
1768 1701 1828 1735 die

1083 1748 1236 1782 Fahnen
1261 1748 1430 1782 verloren
1451 1748 1583 1790 haben,
1609 1748 1705 1781 ohne
1725 1747 1827 1782 Zelte

1085 1794 1294 1830 ausserhalb
1307 1795 1371 1829 des
1380 1794 1742 1838 Walleslagern.10‚
1751 1798 1784 1838 4,
1794 1798 1826 1828 4.

266 1656 392 1699 stand,
426 1655 523 1696 dass,
563 1655 661 1689 hier:
704 1654 778 1689 ‘die
804 1654 1009 1689 Einnahme

265 1703 365 1738 von’.
393 1702 453 1745 36,
474 1705 530 1745 27,
554 1706 570 1735 1
599 1702 779 1736 Heraclea
806 1705 916 1746 capta
940 1702 1011 1744 fre-

265 1751 319 1795 yit
343 1750 487 1784 taudem
514 1749 654 1783 animos
680 1761 714 1782 u.
742 1748 806 1782 oft.

313 1801 343 1832 6.
370 1797 512 1840 reliqua
538 1795 635 1841 belli]
653 1812 696 1823 =
712 1796 883 1839 reliquias
910 1796 1010 1836 belli,-

260 1844 431 1887 perflcere
462 1844 590 1877 bellum
616 1842 711 1876 auch
737 1843 833 1876 noch
865 1842 926 1884 21,
953 1846 1010 1885 46,

266 1895 304 1932 ὃς
332 1890 391 1933 22,
407 1892 462 1933 38,
480 1894 498 1923 7
514 1891 595 1931 etc,
615 1890 734 1924 neben
755 1889 847 1931 conf.
870 1890 1009 1932 bellum,

259 1938 492 1981 provinciam
512 1936 572 1980 27,
599 1941 630 1979 5,
658 1941 696 1978 33
723 1939 779 1978 45,
808 1940 838 1971 5.
866 1935 926 1977 28,
954 1940 1009 1979 24,

270 1988 287 2018 7
314 1996 348 2018 11.
377 1995 404 2017 s.
431 1983 454 2017 f.

1132 1855 1203 1888 kib.
1231 1853 1431 1898 aedificatam]
1455 1853 1689 1887 technischer
1714 1853 1826 1888 Ausd.

1085 1900 1149 1934 der
1163 1900 1471 1944 Militarsprache.
1498 1898 1560 1943 24,
1575 1904 1630 1942 39,
1648 1904 1690 1934 13
1706 1900 1828 1944 (Mar-

1084 1948 1205 1991 cellus)
1231 1948 1467 1982 hibernacula
1494 1947 1704 1981 communiit
1730 1947 1828 1981 aedi-

1083 1995 1283 2038 fteavitque.

314 2034 346 2065 8.
373 2031 577 2064 missionem
620 2030 710 2074 recl]
737 2029 902 2073 gemeint
928 2029 1009 2063 sind

271 2077 329 2111 die
338 2076 633 2111 kannensischen
642 2075 829 2119 Legionen
838 2076 912 2120 vgl.
924 2080 941 2117 ξ
954 2080 1008 2110 10.

267 2123 357 2157 Dass
372 2123 431 2157 die
445 2122 687 2166 abgeleistete
696 2122 899 2156 Dienstzeit
907 2122 1010 2156 nicht

266 2170 516 2214 angerechnet
524 2169 627 2211 wird‚
638 2170 833 2212 (stipendia
841 2179 915 2203 nou
926 2180 1008 2212 pro-

267 2218 397 2252 cedunt
405 2215 464 2260 ⁶25,
474 2220 504 2259 5,
517 2217 551 2259 8>
560 2216 608 2249 ist
624 2216 703 2250 eine
714 2216 809 2249 oster
825 2216 1011 2250 erw'ahnte

268 2263 388 2298 Strafe
409 2263 467 2297 fiir
487 2262 730 2297 militarische
752 2263 957 2306 Vergehen.

315 2314 346 2344 9.
362 2321 485 2344 caesus
495 2309 730 2354 fugatusque]
744 2309 1010 2343 zurAbwechs-

266 2357 358 2401 lung
389 2359 482 2390 statt
519 2357 583 2390 des
615 2355 876 2390 formelhaften
907 2356 1014 2398 fusus

267 2404 505 2447 fuyatusque;
539 2403 612 2447 vgl.
640 2402 735 2438 auch
770 2401 830 2446 35,
860 2407 889 2446 1,
917 2407 948 2438 8.
982 2404 1013 2437 si

267 2451 420 2493 fudisset
445 2451 694 2493 cecidissetque
718 2451 840 2485 hostis.

317 2500 371 2531 10.
391 2497 476 2531 huic
494 2496 890 2541 yeueri]=militiae
903 2497 1014 2530 huius

267 2544 407 2588 ,acueris
431 2555 475 2577 m.
503 2544 652 2578 eundem
677 2544 783 2586 finem
809 2554 907 2587 quem
935 2544 1012 2577 ‘mi-

269 2591 401 2625 litiae
423 2590 666 2625 Cannensium
685 2593 872 2624 statuerat.
915 2590 1013 2625 Statt

268 2637 333 2672 der
364 2637 651 2681 beiderseitigen
685 2637 839 2671 militiae
864 2637 1010 2671 werden

271 2684 329 2718 die
361 2695 492 2728 9euera
524 2685 627 2718 milit.
662 2684 778 2718 selbst
808 2684 878 2718 mit
909 2684 1009 2718 einer

270 2730 482 2765 bekannten
515 2730 762 2774 Brachylogie
782 2731 1009 2775 gegenfiber-

271 2777 430 2821 gestellt.
481 2788 510 2811 c.
531 2782 587 2821 36,
610 2781 652 2811 12
681 2779 777 2812 huuc
803 2788 1010 2813 consensum

270 2827 416 2858 senatus
453 2828 609 2868 equester
647 2825 734 2859 ordo
772 2828 821 2859 est
858 2829 1009 2866 secutus,

274 2871 443 2914 equestris
469 2872 610 2905 ordinis
630 2872 742 2915 plebs.

1130 2054 1246 2087 decem
1264 2064 1308 2086 m.
1323 2053 1441 2097 pass]
1464 2053 1529 2085 der
1547 2052 1630 2086 Abl.
1653 2051 1719 2085 der
1738 2051 1826 2086 Ent-

1082 2099 1240 2143 fernung
1265 2101 1359 2133 statt
1377 2110 1485 2142 quam
1504 2098 1574 2132 mit
1594 2098 1678 2132 dem
1697 2099 1826 2132 Aecus.

1083 2157 1111 2180 c.
1135 2150 1189 2188 34,
1206 2149 1236 2181 9,
1258 2156 1302 2179 ue
1320 2147 1401 2189 quis
1419 2156 1539 2179 eorum
1556 2145 1709 2188 propius
1729 2156 1828 2179 mare

1084 2193 1286 2236 quindecim
1317 2193 1463 2226 milibus
1494 2202 1673 2235 passuum
1698 2202 1826 2236 agrum

1085 2239 1332 2282 aedificiumve
1355 2240 1505 2273 haberet.

1134 2302 1187 2331 13.
1214 2298 1297 2331 trib.
1324 2300 1356 2331 et
1386 2298 1456 2341 vigy.
1483 2297 1562 2341 lea]
1591 2296 1669 2331 dies
1694 2296 1743 2331 ist
1767 2296 1826 2331 die

1084 2345 1239 2379 hochste
1250 2356 1321 2379 von
1330 2344 1422 2378 Rom
1437 2344 1487 2378 im
1497 2347 1582 2378 2ten
1596 2355 1680 2388 pun.
1691 2342 1827 2388 Kriege

1086 2391 1324 2435 aufgestellte
1348 2391 1614 2435 Truppenzahl.
1654 2390 1826 2425 Dieselbe

1087 2438 1175 2472 Zahl
1202 2438 1261 2480 25,
1289 2442 1321 2481 3,
1350 2442 1379 2472 7.
1408 2437 1468 2481 27,
1500 2442 1556 2481 36,
1585 2441 1639 2473 12.
1678 2458 1721 2462 -—
1760 2436 1827 2471 Bei

1087 2485 1213 2519 diesen
1238 2485 1364 2529 haufig
1389 2484 1739 2519 wiederkehrenden
1759 2484 1826 2517 Zu-

1087 2532 1464 2576 sammenstellungen
1496 2531 1561 2565 der
1588 2530 1825 2566 Streitkr'afte

1085 2579 1261 2613 wechselt
1286 2578 1363 2613 Liv.
1391 2579 1462 2613 mit
1487 2578 1556 2612 den
1582 2577 1826 2611 Ausdrficken

1085 2625 1144 2667 22,
1172 2630 1235 2669 36,
1269 2630 1299 2659 2.
1334 2637 1406 2660 rem
1436 2636 1563 2669 yerere.
1599 2623 1659 2666 30,
1692 2627 1748 2668 27,
1782 2627 1822 2657 11

1084 2673 1271 2714 defendere
1283 2673 1482 2716 imperium.
1512 2682 1540 2705 c.
1553 2674 1609 2714 41,
1627 2674 1646 2705 9
1668 2671 1824 2704 admini-

1082 2723 1198 2753 strare
1221 2720 1412 2762 imperium
1437 2730 1470 2752 u.
1499 2728 1530 2752 a.

1131 2777 1164 2820 2,
1194 2782 1223 2813 1.
1245 2778 1364 2820 princ.
1393 2787 1419 2811 e.
1447 2775 1555 2821 anui]
1580 2775 1617 2809 in
1639 2774 1740 2809 einer
1761 2774 1825 2808 der

1083 2826 1205 2858 ersten
1231 2823 1565 2867 Senatssitzungen.

1131 2870 1173 2904 L.
1204 2870 1361 2915 Illarcii]
1395 2869 1444 2904 Er
1477 2869 1580 2904 hatte
1613 2868 1708 2902 nach
1740 2867 1824 2903 dem
