1963 3308
148 181 176 201 a.
200 174 266 200 Chr.
286 181 313 198 n.
335 174 395 199 210.

149 285 355 328 passuum
393 270 438 312 in
476 270 749 312 latitudinem
790 271 956 323 patens.

619 161 761 196 LIBER
788 161 918 196 XXVI.
971 160 1071 196 CAP.
1100 164 1155 195 42.
1183 164 1238 195 43.
1657 158 1713 199 93

1023 268 1149 310 huius
1187 268 1234 310 in
1272 267 1383 309 ostio
1424 267 1540 308 sinus
1581 281 1715 321 parva
1741 276 1761 307 8

147 330 289 372 insula
321 329 489 371 obiecta
521 329 574 371 ab
609 329 696 371 alto
729 331 904 383 portum
936 327 989 369 ab
1016 327 1213 369 omnibus
1240 326 1378 369 ventis
1410 328 1714 380 praeterquam

148 389 297 431 Africo
336 390 477 429 tutum
515 388 631 430 facit.

694 388 746 429 ab
788 387 940 429 intimo
979 387 1075 428 sinu
1113 386 1370 440 paeninsula
1407 385 1611 438 excurrit,
1650 387 1714 426 tu-

147 447 290 490 mulus
328 447 363 488 is
401 447 511 501 ipse,
552 448 596 488 in
634 461 716 501 quo
755 445 930 488 condita
967 445 1068 486 urbs
1108 448 1190 498 est,
1234 445 1287 486 ab
1328 445 1424 486 ortu
1469 443 1572 486 solis
1610 445 1653 484 et
1690 457 1716 484 a

147 506 323 548 meridie
355 506 494 548 cincta
525 506 652 559 mari,
686 505 739 546 ab
772 518 925 546 occasu
958 506 1160 558 stagnum
1190 503 1348 544 claudit
1379 503 1555 556 paulum
1588 504 1630 543 et
1662 501 1716 543 ad

147 565 501 620 septemtrionem
533 564 694 617 fusum,
731 564 918 604 incertae
952 561 1193 603 altitudinis
1225 564 1456 614 utcumque
1489 563 1715 603 exaestuat

148 628 224 666 aut
264 624 406 665 deficit
442 638 570 665 mare.

639 621 876 664 continenti
915 621 1065 661 urbem
1108 620 1258 674 iugum
1295 619 1501 660 ducentos
1546 619 1634 661 fere
1674 622 1717 660 et
1741 630 1761 661 9

149 683 464 738 quinquaginta
501 696 652 736 passus
691 683 845 734 patens
884 679 1119 733 coniungit.

1181 678 1291 719 unde
1329 692 1426 719 cum
1465 682 1557 719 tam
1595 679 1716 732 parvi

148 742 291 796 operis
323 740 506 782 munitio
538 741 669 793 esset,
707 752 794 780 non
826 738 985 779 obiecit
1015 737 1178 778 vallum
1216 737 1453 791 imperator
1483 736 1716 790 Romanus,

149 815 225 842 seu
263 799 459 841 fiduciam
496 798 614 840 hosti
647 797 828 852 superbe
861 799 1102 850 ostentans,
1140 796 1228 837 sive
1260 798 1309 837 ut
1348 796 1548 837 subeunti
1589 809 1715 850 saepe
1745 807 1786 837 10

149 859 203 900 ad
229 859 396 900 moenia
422 857 540 898 urbis
566 871 763 898 recursus
789 858 967 910 pateret.
1012 858 1169 909 cetera,
1196 869 1303 909 quae
1330 854 1563 896 munienda
1583 857 1716 909 erant,
1730 855 1786 896 43

148 932 246 960 cum
277 916 545 971 perfecisset,
581 930 713 957 naves
747 915 877 956 etiam
910 915 954 956 in
985 916 1132 969 portu,
1167 914 1286 956 velut
1317 914 1580 955 maritimam
1614 928 1715 968 quo-

150 990 231 1031 que
264 978 485 1017 ostentans
519 974 802 1028 obsidionem,
840 974 1064 1027 instruxit,
1102 973 1494 1026 circumvectusque
1533 973 1716 1014 classem

150 1049 247 1077 cum
273 1034 511 1076 monuisset
542 1033 783 1088 praefectos
809 1033 1002 1086 navium,
1033 1034 1081 1073 ut
1107 1032 1277 1087 vigilias
1302 1034 1535 1073 nocturnas
1562 1032 1717 1073 intenti

148 1094 390 1144 servarent,
429 1093 574 1135 omnia
611 1092 769 1146 ubique
806 1092 947 1146 primo
987 1091 1210 1133 obsessum
1248 1090 1419 1133 hostem
1452 1090 1615 1141 conari,
1656 1105 1716 1131 re-
1744 1113 1764 1143 2

149 1166 324 1208 gressus
357 1152 401 1193 in
435 1155 593 1205 castra,
625 1154 673 1192 ut
705 1150 875 1193 consilii
907 1150 973 1192 sui
1004 1150 1235 1203 rationem,
1275 1149 1387 1205 quod
1419 1149 1472 1191 ab
1505 1150 1610 1191 urbe
1642 1163 1718 1203 po-

149 1211 369 1253 tissimum
401 1210 689 1265 oppugnanda
721 1210 885 1251 bellum
918 1224 1040 1251 orsus
1067 1212 1197 1263 esset,
1229 1208 1440 1250 militibus
1473 1207 1717 1250 ostenderet

151 1272 195 1312 et
227 1284 347 1325 spem
382 1269 614 1324 potiundae
646 1268 910 1310 cohortando
949 1267 1127 1322 faceret,
1167 1268 1367 1310 contione
1408 1267 1617 1309 advocata
1654 1267 1717 1308 ita

151 1329 370 1371 disseruit:
405 1328 473 1370 ‘ad
506 1328 656 1369 urbem
688 1342 818 1369 unam
846 1327 1180 1382 oppugnandam
1214 1327 1249 1368 si
1283 1327 1377 1381 quis
1404 1341 1480 1367 vos
1511 1326 1716 1368 adductos
1744 1348 1763 1379 3

151 1387 304 1441 credit,
353 1388 390 1428 is
434 1387 574 1442 magis
620 1387 759 1441 operis
813 1386 946 1427 vestri
997 1400 1126 1440 quam
1177 1385 1456 1427 emolumenti
1505 1385 1717 1426 rationem

151 1449 364 1501 exactam,
395 1447 571 1500 milites,
603 1445 745 1487 habet.
794 1445 1099 1500 oppugnabitis
1127 1445 1241 1486 enim
1267 1458 1364 1485 vere
1390 1445 1563 1485 moenia
1592 1444 1716 1485 unius

201 1565 232 1598 8.
257 1562 368 1597 liuius
385 1563 427 1596 in
445 1562 535 1597 ostio
555 1562 672 1607 sinus]
695 1561 773 1597 Liv.
795 1561 898 1596 stellt

151 1609 217 1644 das
242 1609 468 1652 Pronomen,
499 1608 727 1644 namentlich
753 1608 819 1643 das
842 1619 897 1643 re-

151 1656 278 1699 lative,
292 1667 384 1701 gern
397 1667 464 1691 vor
477 1655 536 1691 die
551 1655 797 1700 Pr'aposition,
815 1655 897 1690 eine

150 1703 437 1748 Wortstellung,
452 1703 511 1738 die
520 1703 590 1737 mit
597 1702 735 1738 seinem
744 1702 899 1738 Streben

151 1750 337 1785 zwischen
362 1749 574 1795 abhangige
595 1749 766 1785 Genitive
790 1750 899 1784 einen

150 1797 473 1842 pr'apositionalen
493 1796 690 1832 Ausdruck
715 1809 758 1831 zu
783 1796 899 1831 schie-

151 1844 235 1887 ben,
256 1844 605 1889 zusammenhangt:
626 1843 660 1887 l,
681 1847 714 1888 9,
736 1848 779 1878 13
793 1845 898 1879 cuius

155 1891 205 1926 ad
229 1891 380 1926 solemne
406 1919 414 1925 .
442 1919 448 1925 .
478 1918 484 1925 .
513 1920 519 1927 .
546 1892 734 1926 venissent.

200 1938 337 1973 obiecta
357 1939 400 1973 ab
423 1939 512 1983 alto]
533 1937 593 1980 37,
612 1942 668 1980 23,
687 1942 705 1972 7
727 1939 899 1973 obiectum

152 1985 198 2020 ab
237 1985 320 2020 alto.
359 1986 448 2020 ibid.
494 1996 524 2020 c.
563 1989 621 2028 11,
655 1989 693 2028 8,
732 1985 900 2030 dag-egen

152 2031 215 2075 30,
241 2036 298 2074 24,
325 2036 345 2066 9
372 2033 496 2067 insula
527 2044 569 2067 ea
600 2033 721 2067 sinum
753 2033 798 2067 ab
827 2032 900 2067 alto

154 2079 304 2114 claudit.

196 2125 468 2171 praeterquam]
496 2126 570 2171 vgl.
598 2137 628 2160 c.
657 2130 716 2170 13,
753 2130 805 2160 14.
839 2125 900 2169 21,

153 2176 187 2216 8,
205 2176 246 2207 10
266 2176 522 2218 praeterquam
542 2173 591 2207 ad
619 2176 823 2208 eaetremum.
864 2172 898 2216 2,

155 2222 212 2263 56,
240 2224 259 2254 7
285 2221 380 2265 nihil
400 2224 657 2265 praeterquam
688 2221 730 2255 de
755 2221 827 2265 leqe
852 2221 900 2254 lo-

152 2267 218 2310 qui
232 2287 287 2301 —.
319 2267 418 2302 Uber
432 2267 491 2301 die
505 2278 571 2302 vor
584 2268 715 2311 Africo
727 2267 898 2302 fehlende

154 2313 404 2357 Praposition:
432 2325 461 2349 c.
482 2317 540 2359 41,
560 2318 581 2349 8
601 2315 741 2349 nullius
759 2315 800 2349 in
820 2315 900 2349 ani-

153 2370 223 2402 mo,
248 2371 356 2404 quam
380 2371 465 2396 meo.

198 2407 423 2451 paeninsula
455 2408 636 2453 excurrit]
673 2407 740 2451 32,
767 2412 829 2452 23,
858 2412 900 2442 10

150 2455 446 2499 promonturium
457 2474 499 2479 —
515 2456 555 2488 in
568 2455 682 2489 altum
695 2466 899 2490 excurrens.

157 2500 218 2542 37,
247 2503 304 2543 31,
330 2504 350 2534 9
377 2501 507 2545 linqua
532 2521 575 2526 -
602 2512 806 2537 eaecwrrens.

204 2547 367 2581 tumulus
403 2548 435 2582 is
471 2548 563 2593 ipse]
602 2548 825 2593 Apposition
859 2561 902 2583 zu

150 2594 391 2639 paeninsula:
442 2594 510 2629 auf
548 2594 668 2629 dieser
709 2594 903 2631 Halbinsel

157 2641 253 2686 liegt
278 2640 336 2675 die
362 2641 531 2675 Anhohe.

206 2687 401 2733 uteunque]
425 2688 464 2732 je
489 2687 689 2729 nachdem3
715 2688 810 2722 auch
835 2688 906 2722 mit

159 2735 246 2769 dem
263 2734 496 2779 Konjunktiv
517 2734 581 2769 der
600 2734 903 2779 Wiederholung.

158 2780 220 2824 21,
247 2785 303 2825 35,
329 2785 348 2816 2
375 2785 556 2826 utcunque
579 2782 677 2817 locus
697 2802 739 2806 —
759 2784 905 2826 oportu-

159 2828 311 2863 nitatem
335 2829 448 2864 daret.

208 2875 413 2922 exaestuat]
452 2875 695 2919 dichterisch,
732 2873 794 2910 bei
824 2875 904 2910 Liv.

162 2931 232 2955 nur
257 2921 346 2957 hier.

1019 1565 1050 1596 9.
1071 1561 1168 1596 unde
1187 1571 1268 1595 cum
1282 1580 1324 1584 ο
1340 1560 1496 1594 munitio
1515 1559 1616 1605 esset]
1638 1559 1718 1594 ‘ob-

970 1607 1070 1643 wohl
1096 1607 1174 1642 auf
1196 1607 1316 1642 dieser
1341 1607 1477 1650 Seite'3
1501 1606 1717 1641 lateinisch:

969 1656 1112 1690 munire
1138 1655 1182 1690 ab
1204 1655 1316 1699 aliqu.
1341 1657 1459 1699 parte,
1478 1666 1507 1688 z.
1529 1654 1568 1688 Β.
1589 1652 1624 1696 2,
1645 1657 1678 1697 2,
1697 1657 1718 1687 2

970 1703 1081 1737 nimis
1118 1703 1279 1747 undique
1305 1721 1348 1726 —
1373 1701 1618 1744 (libertatem)
1643 1712 1718 1735 mu-

971 1750 1114 1784 nienclo.

1022 1812 1075 1844 10.
1119 1809 1309 1852 recursus]
1346 1824 1390 1837 =
1428 1810 1605 1851 receptum
1649 1807 1719 1841 wie

971 1856 1201 1890 namentlich
1230 1855 1295 1889 das
1321 1854 1486 1889 Verbum
1510 1863 1656 1888 recurro
1682 1853 1721 1887 in

973 1903 1111 1937 diesem
1144 1902 1256 1937 Sinne
1288 1901 1355 1945 31,
1382 1905 1445 1944 36,
1472 1905 1492 1935 9
1525 1901 1574 1935 ad
1599 1903 1720 1936 castra

971 1951 1158 1985 recursuri
1182 1949 1409 1984 videbantur.

1021 2032 1050 2055 c.
1078 2019 1138 2063 43,
1168 2025 1197 2054 1.
1231 2019 1360 2064 cetera]
1395 2018 1527 2053 Worin
1553 2018 1630 2052 dies
1656 2018 1718 2052 be-

975 2067 1091 2110 steht,
1124 2067 1175 2101 ist
1198 2066 1303 2101 nicht
1327 2066 1428 2110 klar,
1457 2065 1552 2100 doch
1579 2064 1719 2099 konnte

973 2126 1060 2149 man
1093 2125 1130 2148 es
1163 2114 1230 2148 auf
1257 2113 1401 2157 Anlage
1433 2123 1506 2147 von
1535 2111 1719 2146 Flanken-

973 2161 1192 2206 deckungen
1217 2160 1406 2203 beziehen,
1433 2160 1481 2194 da
1501 2171 1529 2194 c.
1551 2162 1607 2201 42,
1629 2163 1648 2193 6
1669 2159 1721 2193 im

973 2208 1126 2243 Rficken
1150 2208 1209 2242 ein
1236 2207 1431 2251 doppelter
1456 2218 1490 2240 u.
1513 2209 1531 2248 ξ
1552 2210 1572 2240 9
1593 2206 1631 2240 in
1656 2206 1720 2240 der

973 2256 1086 2290 Front
1105 2265 1173 2301 gar
1191 2254 1279 2289 kein
1299 2253 1400 2288 Wall
1420 2252 1597 2288 errichtet
1617 2252 1719 2287 wird.

1014 2314 1192 2358 praefecti
1204 2313 1370 2356 navium]
1385 2312 1444 2346 die
1456 2311 1722 2346 Befehlshaber

973 2361 1040 2395 der
1065 2360 1255 2395 einzelnen
1281 2359 1436 2402 Schiffe,
1466 2358 1607 2393 welche
1632 2359 1722 2393 socii

973 2419 1116 2450 waren;
1131 2407 1196 2442 der
1209 2406 1488 2441 Kommandant
1501 2405 1566 2440 der
1579 2416 1722 2450 ganzen

973 2455 1096 2490 Flotte
1135 2454 1173 2490 C.
1211 2453 1359 2488 Laelius
1397 2452 1510 2488 heisst
1547 2464 1577 2487 c.
1605 2456 1667 2495 48,
1702 2457 1720 2486 7

968 2503 1176 2546 praefectus
1207 2501 1333 2536 classis
1366 2500 1460 2545 (vgl.
1490 2499 1723 2544 praefectura

975 2560 1004 2583 c.
1032 2553 1088 2592 40,
1115 2551 1150 2593 6)
1177 2548 1273 2583 ohne
1300 2546 1379 2582 dass
1405 2558 1444 2581 er
1469 2547 1600 2582 darum
1626 2546 1721 2581 auch

974 2595 1032 2629 fiir
1062 2595 1171 2630 einen
1207 2596 1326 2631 socius
1363 2594 1540 2639 gehalten
1573 2593 1722 2628 werden

976 2641 1082 2676 muss.

1025 2689 1148 2723 omnia
1172 2688 1318 2734 ubique]
1348 2688 1459 2731 alles,
1484 2697 1542 2722 wo
1562 2697 1599 2721 es
1627 2687 1722 2721 auch

976 2734 1108 2769 immer
1151 2735 1220 2777 sei,
1265 2734 1332 2769 auf
1369 2734 1468 2769 allen
1510 2733 1723 2778 moglichen

976 2780 1161 2815 Punkten.
1188 2780 1272 2825 Vgl.
1289 2791 1406 2815 omnes
1419 2781 1550 2824 ubique
1564 2780 1723 2815 Graecae

977 2828 1082 2862 urbes
1107 2827 1167 2870 33,
1194 2831 1250 2871 34,
1277 2831 1311 2872 3,
1331 2830 1450 2862 sonst:
1476 2837 1605 2871 omnes,
1632 2837 1724 2872 quae

976 2875 1072 2920 (qui)
1097 2875 1230 2918 ubique
1252 2877 1348 2909 sunt.
1374 2873 1436 2917 34,
1462 2877 1517 2916 58,
1544 2877 1576 2908 9.

1026 2925 1058 2956 3.
1090 2922 1267 2956 rationem·
1304 2924 1467 2956 ezr-actam
1497 2921 1622 2967 habet]
1658 2921 1724 2955 hat
