1963 3308
206 163 231 182 a.
255 155 320 182 Chr.
343 164 369 182 n.
389 156 450 182 211.

690 148 834 183 LIBER
858 146 990 182 XXVI.
1041 146 1142 183 CAP.
1172 151 1224 182 10.
1249 152 1301 183 11.
1711 149 1763 190 21

210 269 355 297 omnes
394 255 539 309 copias
579 255 741 312 eduxit3
785 270 863 298 nec
900 255 1080 298 Flaccus
1123 257 1404 312 consulesque
1443 259 1659 298 certamen
1698 258 1766 299 de-

207 316 459 356 tractavere.
485 314 707 359 instructis
732 290 947 370 ⁷utrimque
968 315 1254 357 exercitibus
1243 331 1288 357 1n
1309 316 1399 357 eius
1419 330 1587 372 pugnae
1608 331 1752 359 casum

207 374 251 415 in
283 387 367 428 qua
392 374 493 415 urbs
526 373 664 415 Roma
695 375 849 417 victori
880 374 1118 429 praemium
1151 377 1274 429 esset,
1300 375 1474 417 imber
1462 389 1615 442 lugens
1643 390 1767 431 gran-

208 432 306 474 dine
338 432 496 474 mixtus
524 433 585 474 ita
610 435 835 489 utramque
863 434 993 474 aciem
1019 434 1222 487 turbavit,
1253 437 1301 475 ut
1326 434 1397 475 vix
1425 435 1554 476 armis
1581 435 1763 477 retentis

207 492 253 533 in
280 494 423 533 castra
449 506 540 534 sese
567 493 807 548 receperint
831 492 992 533 nullius
1011 492 1073 533 rei
1094 493 1258 534 minore
1279 507 1408 546 quam
1427 493 1617 535 hostium
1637 497 1764 536 metu.

209 553 252 593 et
295 553 468 606 postero
513 551 578 592 die
612 552 757 593 eodem
796 552 889 593 loco
922 550 1036 592 acies
1075 551 1309 592 instructas
1349 552 1495 593 eadem
1533 555 1765 607 tempestas
1794 566 1813 596 3

210 610 391 652 diremit.
435 611 507 652 ubi
533 611 795 664 recepissent
823 623 867 651 se
899 609 944 650 in
976 611 1128 663 eastra,
1161 610 1269 651 mira
1296 611 1502 652 serenitas
1530 626 1626 652 cum
1652 616 1767 654 tran-

212 670 426 724 quillitate
459 669 685 711 oriebatur.

747 669 792 710 in
822 668 1080 723 religionem
1122 683 1171 709 ea
1202 683 1270 710 res
1304 669 1418 723 apud
1449 669 1618 712 Poenos
1645 686 1767 712 versa
1794 684 1815 713 4

210 731 285 783 est,
313 728 537 783 auditaque
557 742 639 769 vox
658 727 917 769 Hannibalis
937 726 1085 782 fertur,
1110 727 1343 782 potiundae
1365 728 1446 770 sibi
1466 729 1584 770 urbis
1605 729 1766 772 Romae¹

209 788 335 829 modo
362 790 548 828 mentem
574 801 661 828 non
693 786 797 841 dari,
829 786 955 828 modo
981 786 1210 829 fortunam.
1272 787 1463 829 minuere
1491 788 1621 830 etiam
1648 803 1766 843 spem
1796 790 1815 819 ἵ)

210 847 300 888 61118
332 845 438 887 duae
471 845 597 899 aliae,
622 860 754 900 parva
785 859 1047 901 magnaque,
1074 861 1162 888 res:
1199 860 1359 902 magna
1390 847 1483 901 illa,
1516 848 1642 903 quod,
1675 862 1771 890 cum

208 906 300 959 ipse
333 905 386 946 ad
418 906 588 947 moenia
618 905 737 946 urbis
769 905 932 947 Romae
960 908 1149 948 armatus
1183 905 1367 959 sederet,
1400 907 1557 948 milites
1591 907 1668 949 sub
1702 922 1771 949 ve-

207 964 323 1006 xillis
350 963 396 1004 in
422 965 765 1019 supplementum
786 964 1019 1018 Hispaniae
1040 964 1256 1019 profectos
1276 965 1431 1021 audiit3
1456 981 1589 1020 parva
1611 969 1765 1021 autem,

207 1080 337 1116 haften
367 1080 661 1126 Entscheidung;
695 1092 734 1116 so
767 1081 880 1116 ofters
910 1082 952 1116 in

207 1128 381 1163 incertum
408 1132 569 1163 eventum
595 1129 629 1172 1,
658 1132 711 1172 17,
737 1132 768 1163 9.
795 1139 824 1163 c.
852 1132 907 1172 39,
929 1132 948 1163 9

207 1176 249 1210 in
274 1176 467 1211 discrimen
488 1187 665 1220 puynare.

255 1235 297 1269 in
315 1246 388 1279 qua
414 1262 420 1269 .
443 1262 451 1271 .
472 1235 572 1281 esset]
598 1234 661 1270 bei
685 1235 865 1270 welchem
891 1234 950 1270 die

210 1281 320 1317 Stadt
345 1282 439 1317 Rom
466 1282 704 1327 Siegesbeute
730 1286 844 1325 w'are3
871 1293 949 1317 ver-

208 1329 288 1375 legt
318 1329 388 1364 den
414 1328 616 1364 Gedanken
646 1329 684 1364 in
716 1329 775 1364 die
808 1329 951 1374 Gregen-

209 1379 304 1411 wart
314 1387 399 1411 vom
408 1375 666 1421 Standpunkte
679 1377 744 1412 der
751 1377 950 1422 Kampfen-

209 1424 279 1459 den
300 1434 382 1465 aus;
406 1424 473 1458 wir
493 1425 674 1459 erwarten
696 1424 827 1468 futura
847 1427 951 1459 esset:

211 1470 288 1506 sein
314 1471 423 1506 sollte
449 1471 538 1506 oder
562 1470 710 1507 mfisste.

254 1530 398 1575 victori]
415 1547 459 1559 =
474 1531 506 1565 ei
524 1531 588 1575 qui
606 1531 757 1573 vicisset,
783 1530 842 1574 29,
859 1535 891 1575 6,
908 1533 950 1565 15

208 1578 330 1613 urbem
373 1578 569 1621 habebant,
612 1579 807 1614 victoribus
843 1589 952 1623 prae-

207 1626 320 1660 mium
344 1625 386 1659 in
410 1626 524 1660 medio
544 1626 714 1670 positam.

255 1684 367 1719 imber
380 1685 522 1730 ingens]
538 1684 597 1719 ein
611 1684 648 1719 in
664 1685 733 1719 den
743 1683 951 1721 romischen

208 1731 379 1766 Annalen
398 1731 502 1766 nicht
521 1732 679 1767 seltener
693 1732 832 1767 Beweis
853 1733 951 1776 gett-

207 1779 331 1814 lichen
361 1777 578 1814 Beistandes
610 1780 697 1814 oder
728 1779 952 1824 Andeutung

209 1825 417 1871 gottlichen
443 1825 611 1869 Willens,
661 1826 745 1871 Vgl.
773 1827 807 1870 2,
835 1830 891 1870 62,
918 1830 950 1861 2.

210 1873 245 1917 6,
271 1876 303 1917 8,
330 1876 361 1908 8,
389 1873 449 1917 28,
478 1877 531 1917 15,
560 1877 614 1908 11.

256 1932 468 1977 receperint]
513 1931 580 1967 Β61
625 1932 704 1967 Liv.
751 1932 848 1977 folgt
888 1931 956 1967 auf

210 1979 395 2024 Tempora
410 1979 475 2014 der
489 1979 792 2025 Vergangenheit
803 1980 841 2013 in
852 1979 951 2015 Kon-

210 2026 485 2062 sekutivsatzen
499 2026 583 2061 sehr
597 2027 652 2061 oft
665 2027 731 2061 das
744 2026 840 2062 Perf.
854 2027 951 2061 Kon-

205 2073 381 2118 junktivi,
394 2074 520 2108 indem
532 2074 583 2108 im
597 2074 833 2119 abhangigen
846 2074 952 2109 Satze

209 2133 271 2156 zur
284 2120 469 2166 grosseren
481 2121 876 2167 Veranschaulichung
886 2122 951 2156 das

209 2168 371 2213 Tempus
405 2168 471 2203 der
501 2169 618 2203 oratio
651 2169 789 2203 directa
825 2169 951 2204 1161116-

208 2215 338 2251 halten
367 2215 466 2250 wird.
516 2215 577 2256 28,
606 2219 660 2259 15,
689 2220 729 2250 11
756 2216 831 2251 nisi
855 2226 891 2251 86
912 2244 918 2250 .
942 2244 949 2250 .

209 2265 316 2297 tanta
339 2264 393 2298 vis
409 2274 524 2308 aquae
549 2264 738 2307 deiecisset,
758 2266 799 2298 ut
823 2264 886 2298 vioe
910 2264 952 2298 in

211 2313 331 2344 castra
355 2320 424 2345 sua
448 2321 483 2346 se
507 2312 704 2355 receperint
727 2311 887 2346 victores.

258 2369 398 2403 nullius
420 2369 474 2403 rei
491 2380 536 2403 m.
559 2397 565 2403 .
588 2398 594 2404 .
615 2369 725 2415 metu]
753 2369 803 2404 sie
828 2369 952 2404 1111611-

211 2415 316 2450 teten
353 2415 443 2450 alles
481 2416 616 2451 andere
658 2417 763 2451 mehr
800 2416 854 2451 als
892 2416 951 2451 die

211 2461 361 2497 Feinde.
405 2462 465 2505 29,
487 2466 519 2506 7,
539 2467 560 2497 8
579 2464 675 2497 nihil
698 2465 819 2498 minus
843 2475 952 2509 quam

212 2510 283 2544 tale
307 2510 499 2554 quiequam
523 2510 710 2545 timentem.

260 2572 291 2602 3.
325 2568 445 2602 eadem
482 2569 683 2613 tempestas]
723 2569 782 2603 ein
819 2569 952 2605 ebenso

212 2614 373 2659 heftiges
399 2614 599 2650 Unwetter.

265 2675 360 2709 mira
380 2675 552 2709 serenitas
571 2685 651 2709 cum
670 2675 951 2720 tranquillitate]

212 2721 328 2756 helles
359 2721 508 2766 ruhiges
541 2721 756 2767 Tageslicht
788 2721 821 2764 1,
850 2726 903 2765 16,
931 2726 952 2756 2

212 2779 337 2803 serena
355 2772 387 2804 et
406 2770 609 2813 tranquilla
628 2770 693 2804 lua:
712 2769 821 2804 rediit
840 2768 874 2812 2,
896 2773 951 2812 62,

215 2819 304 2850 1-2
331 2816 533 2860 tranquilla
558 2817 731 2851 serenitas
756 2816 908 2851 reddita.

261 2878 292 2908 4.
319 2875 360 2909 in
383 2875 617 2920 religionem.
645 2900 654 2910 .
682 2904 689 2911 .
721 2875 838 2921 versa]
865 2886 951 2909 man

212 2920 312 2965 legte
332 2921 397 2956 das
416 2921 585 2966 Ereignis
612 2933 676 2957 aus
697 2922 750 2957 als
770 2933 841 2957 von
863 2921 951 2957 Gott

1024 1081 1220 1126 gesandtes
1242 1081 1408 1125 Zeichen,
1434 1083 1594 1117 welches
1621 1095 1667 1116 zu
1691 1093 1770 1117 ver-

1022 1129 1157 1164 aehten
1183 1129 1585 1165 Gewissensbedenken
1611 1132 1771 1175 erzeugt.

1021 1176 1243 1221 (reliyiosum
1275 1180 1350 1220 est).
1384 1188 1413 1212 c.
1441 1182 1497 1221 45,
1525 1181 1544 1211 9
1578 1178 1618 1212 in
1643 1178 1773 1221 prodi-

1021 1224 1121 1268 9ium
1137 1235 1179 1259 ac
1200 1225 1281 1258 deos
1297 1228 1434 1259 vertens
1447 1224 1508 1267 30,
1521 1228 1576 1270 38,
1594 1228 1636 1259 10
1657 1236 1770 1269 aqua-

1022 1282 1104 1306 rum
1116 1272 1266 1306 insolita
1279 1273 1491 1316 maynitudo
1505 1273 1546 1306 in
1564 1272 1771 1317 reliyionem

1022 1329 1136 1354 versa.

1070 1390 1174 1424 modo
1205 1393 1352 1424 mentem
1383 1400 1456 1424 non
1487 1390 1589 1436 dari]
1629 1390 1770 1433 Florus,

1024 1436 1058 1480 1,
1085 1441 1141 1481 22,
1168 1441 1213 1472 20
1239 1441 1305 1472 aut
1337 1437 1457 1480 fatum
1482 1439 1584 1472 urbis
1616 1439 1770 1482 impera-

1023 1488 1129 1519 turae
1160 1488 1224 1519 aut
1243 1485 1361 1528 ipsius
1389 1496 1486 1520 mens
1512 1486 1611 1520 mala
1632 1513 1639 1520 .
1664 1513 1671 1520 .
1693 1513 1700 1519 .
1727 1485 1768 1520 in

1023 1532 1204 1567 diversum
1219 1533 1456 1568 abstulerunt.
1478 1532 1547 1567 Die
1559 1531 1769 1567 romischen

1026 1579 1291 1614 Schriftsteller
1311 1578 1435 1614 lieben
1455 1591 1502 1623 es,
1525 1579 1583 1615 die
1604 1580 1771 1625 Rettung

1025 1627 1137 1662 Roms
1165 1626 1266 1661 einer
1291 1627 1501 1671 gottlichen
1526 1626 1771 1672 Einwirkung

1024 1673 1100 1708 und
1149 1674 1265 1709 durch
1309 1673 1361 1708 sie
1404 1674 1766 1720 hervorgebrachten

1025 1721 1293 1766 Verblendung
1321 1721 1383 1757 Hs.
1411 1721 1708 1757 zuzuschreiben.

1074 1796 1103 1827 5.
1124 1792 1272 1838 sederet]
1298 1792 1490 1827 ε117611161111
1509 1803 1547 1827 er
1568 1792 1646 1827 still
1659 1792 1766 1827 sasse'

1024 1840 1093 1874 mit
1108 1840 1191 1874 dem
1211 1839 1480 1885 Nebenbegriff
1493 1840 1558 1874 der
1571 1839 1770 1884 Unthatig-

1024 1887 1112 1929 keit,
1135 1898 1174 1922 so
1195 1886 1275 1922 dass
1290 1887 1341 1921 im
1356 1887 1563 1932 Gegensatz
1584 1887 1770 1931 dazupro-

1023 1935 1132 1977 sectos
1157 1946 1220 1968 um
1247 1945 1286 1969 so
1307 1934 1411 1969 mehr
1437 1934 1664 1969 hervortritt.
1723 1934 1770 1969 So

1024 1981 1073 2016 ist
1108 1981 1208 2016 sedeo
1242 1982 1317 2016 und
1354 1982 1501 2016 adsideo
1538 1981 1664 2026 haufig
1698 1992 1771 2016 von

1023 2028 1235 2071 nachlassig
1270 2028 1510 2063 betriebenen
1548 2028 1770 2073 3616861611-

1024 2086 1106 2120 gen.
1134 2087 1163 2110 c.
1190 2080 1246 2119 37,
1275 2080 1293 2110 7
1320 2079 1361 2110 ut
1384 2076 1587 2110 sedentibus
1612 2076 1703 2120 ipsis
1722 2076 1772 2110 ad

1024 2123 1194 2157 Romana
1213 2124 1354 2157 moenia
1374 2124 1451 2157 alia
1464 2126 1576 2167 porta
1594 2124 1771 2158 exercitus

1023 2170 1213 2205 Romanus
1245 2171 1286 2204 in
1313 2170 1539 2214 Hispaniam
1570 2171 1768 2205 duceretur.

1025 2229 1052 2252 c.
1075 2221 1130 2259 20,
1149 2221 1169 2252 8
1197 2218 1353 2253 adsideo.
1381 2217 1441 2260 22,
1469 2222 1522 2261 14,
1552 2221 1595 2251 14
1619 2218 1770 2252 sedendo

1024 2265 1204 2300 debellari.
1256 2265 1316 2309 21,
1346 2268 1401 2309 25,
1430 2269 1450 2299 6
1477 2265 1596 2309 seynis
1620 2265 1770 2299 intactis

1025 2313 1142 2348 adsicl.
1170 2313 1294 2347 muris.

1071 2383 1136 2418 sub
1169 2383 1327 2428 veaeillis]
1361 2383 1554 2427 Truppen,
1581 2382 1771 2417 dienicht

1024 2430 1109 2465 dem
1135 2430 1330 2465 Verbande
1363 2429 1464 2465 einer
1489 2429 1630 2475 Legion
1656 2441 1767 2474 ange-

1023 2478 1150 2520 1161611,
1164 2477 1413 2513 marschieren
1425 2477 1490 2512 sub
1502 2478 1656 2520 vexillis,
1666 2477 1770 2512 nicht

1024 2525 1089 2560 sub
1115 2525 1239 2570 siynis.

1072 2596 1114 2630 in
1137 2595 1434 2641 supplementum]
1461 2607 1543 2630 zum
1564 2594 1691 2629 Ersatz
1711 2594 1769 2628 fiir

1026 2642 1205 2687 Spanien,
1244 2654 1283 2677 so
1316 2642 1396 2676 dass
1422 2643 1464 2676 in
1495 2643 1614 2676 einem
1646 2642 1768 2675 Final—

1025 2691 1125 2723 satze
1170 2690 1209 2723 in
1253 2689 1372 2723 seiner
1416 2689 1636 2733 Bedeutung
1671 2689 1768 2723 nahe

1025 2735 1181 2778 kommt,
1215 2752 1259 2764 =
1297 2736 1416 2770 damit
1453 2736 1504 2770 sie
1543 2735 1603 2770 ein
1640 2735 1768 2769 Ersatz

1025 2785 1171 2825 waren,
1210 2782 1269 2816 ein
1301 2782 1385 2816 sehr
1418 2782 1583 2826 h'aufiger
1609 2782 1767 2827 Sprach-

1024 2829 1213 2874 gebrauch
1239 2829 1302 2863 des
1322 2829 1401 2863 Liv.
1423 2840 1451 2863 c.
1474 2833 1530 2872 24,
1552 2833 1572 2863 2
1600 2830 1639 2864 in
1664 2830 1768 2873 fidem

1025 2892 1070 2905 =
1095 2888 1157 2910 um
1190 2875 1358 2911 Glauben
1394 2887 1437 2910 zu
1477 2877 1684 2920 erwecken,
1727 2880 1769 2911 ut

1023 2924 1128 2966 fidem
1153 2924 1295 2967 faceret
1322 2935 1349 2958 0.
1378 2927 1440 2969 29,
1475 2927 1517 2958 10
1549 2924 1590 2959 in
1616 2925 1767 2959 laudem.
