1963 3308
186 684 208 715 4

187 861 207 892 5

187 980 206 1010 6

188 1098 207 1129 7

168 1629 208 1660 10

167 1747 207 1777 11

235 153 291 195 60
740 153 885 189 LIBER
908 154 1039 190 XXVI.
1091 154 1193 191 CAP.
1221 158 1275 190 28.
1629 172 1654 190 a.
1674 172 1702 190 u.

1722 166 1786 191 544.

233 262 393 304 bellum
432 261 618 315 Aetolis,
661 261 706 302 in
743 261 1041 303 Macedoniam
1084 264 1199 302 retro
1243 262 1296 302 ab
1342 276 1385 303 se
1425 263 1691 318 compulsum
1735 262 1789 304 ad

233 321 387 362 intima
423 321 593 375 penitus
630 320 754 375 regni
792 320 951 370 abisse,
989 319 1287 374 legionemque
1323 320 1420 361 inde
1458 321 1606 363 deduci
1644 335 1789 377 posse3

234 379 413 421 classem
457 379 562 420 satis
607 392 698 420 esse
743 379 796 420 ad
841 378 1070 420 arcendum
1106 377 1235 419 Italia
1279 392 1434 433 regem.
1500 380 1606 422 haec
1648 380 1699 422 de
1744 395 1790 422 36

234 438 368 493 deque
411 438 648 492 provincia,
691 438 759 479 cui
802 437 1046 492 praefuerat
1088 438 1246 479 consul.
1318 440 1411 478 tum
1459 437 1509 479 de
1557 439 1791 493 provinciis

233 497 470 538 communis
507 497 660 538 relatio
697 496 791 538 fuit.
853 496 1076 538 decrevere
1112 499 1276 550 patres,
1319 499 1367 538 ut
1405 496 1528 538 alteri
1568 499 1790 540 consulum

232 555 360 597 Italia
385 556 628 611 bellumque
655 570 750 597 cum
776 555 1022 597 Hannibale
1054 555 1275 610 provincia
1301 558 1431 609 esset,
1464 556 1572 597 alter
1598 557 1791 612 classem,

234 615 301 657 cui
319 614 364 655 T.
380 614 588 657 Otacilius
608 614 874 669 praefuisset,
896 613 1168 681 Siciliamque
1187 614 1452 669 provinciam
1473 629 1567 656 cum
1580 614 1626 655 L.
1640 614 1790 658 Cincio

233 677 430 728 praetore
462 674 685 716 obtineret.
747 674 956 716 exercitus
996 674 1054 715 eis
1094 673 1176 715 duo
1216 673 1390 728 decreti,
1428 674 1501 729 qui
1539 674 1584 715 in
1615 673 1792 717 Etruria

235 731 462 799 Galliaque
500 735 657 786 essent3
698 747 770 774 eae
809 735 1013 788 quattuor
1051 735 1173 774 erant
1209 733 1418 788 legiones3
1458 732 1646 774 urbanae
1685 733 1793 775 duae

235 792 467 846 superioris
512 792 612 833 anni
656 792 701 832 in
737 791 976 845 Etruriam,
1020 792 1145 846 duae,
1190 792 1343 846 quibus
1389 790 1600 846 Sulpicius
1645 793 1792 834 consul

233 850 513 905 praefuisset,
565 850 610 891 in
660 849 847 891 Galliam
896 851 1194 904 mitterentur3
1245 849 1409 892 Galliae
1459 854 1501 892 et
1549 851 1793 906 legionibus

233 912 467 963 praeesset,
515 923 639 963 quem
683 909 850 962 consul,
893 909 1010 950 cuius
1054 908 1182 950 Italia
1227 910 1448 963 provincia
1490 912 1620 964 esset,
1668 924 1793 964 prae-

233 968 424 1022 fecisset,
461 969 505 1009 in
533 967 753 1009 Etruriam
783 966 827 1009 C.
855 966 1112 1022 Calpurnius
1143 971 1244 1022 post
1281 970 1524 1022 praeturam
1555 972 1793 1024 prorogato

235 1028 279 1068 in
312 1042 471 1069 annum
509 1027 689 1081 imperio
721 1027 889 1068 missus.
946 1032 988 1068 et
1019 1025 1067 1075 Q.
1098 1026 1250 1068 Fulvio
1284 1024 1431 1081 Capua
1467 1028 1686 1094 provincia
1722 1028 1792 1070 de-

235 1089 351 1128 creta
393 1089 758 1153 prorogatumque
802 1086 848 1127 in
893 1100 1052 1127 annum
1095 1085 1338 1139 imperium3
1383 1087 1591 1128 exercitus
1635 1087 1792 1129 civium

237 1146 532 1200 sociorumque
565 1145 699 1186 minui
730 1145 891 1199 11133113,
922 1148 970 1186 111
998 1159 1047 1186 ex
1079 1144 1244 1186 duabus
1275 1145 1518 1199 legionibus
1550 1160 1636 1187 una
1665 1146 1794 1200 legio,

236 1205 422 1260 quinque
454 1204 574 1245 milia
605 1204 795 1258 peditum
829 1206 871 1245 et
902 1204 1083 1245 trecenti
1113 1204 1276 1258 equites
1309 1206 1469 1256 essent,
1502 1204 1688 1246 dimissis
1720 1205 1794 1259 qui

234 1264 420 1318 plurima
446 1263 658 1318 stipendia
690 1263 915 1317 haberent,
947 1265 989 1304 et
1015 1263 1227 1305 sociorum
1254 1265 1419 1318 septem
1452 1263 1570 1304 milia
1601 1263 1793 1318 peditum

235 1325 278 1364 et
310 1323 490 1364 trecenti
517 1323 681 1377 equites
714 1322 1076 1376 relinquerentur,
1111 1322 1255 1363 eadem
1287 1323 1452 1364 ratione
1484 1322 1794 1376 stipendiorum

234 1382 385 1423 habita
416 1381 461 1423 in
499 1382 713 1423 veteribus
752 1381 961 1422 militibus
1000 1381 1275 1422 dimittendis.
1331 1379 1406 1423 Cn.
1437 1380 1590 1423 Fulvio
1630 1382 1794 1423 consuli

236 1441 466 1495 superioris
498 1441 599 1482 anni
630 1455 707 1482 nec
740 1439 789 1481 de
821 1440 1042 1494 provincia
1061 1439 1221 1494 Apulia
1245 1454 1323 1481 nec
1355 1440 1405 1481 de
1431 1440 1635 1494 exercitu,
1667 1454 1794 1495 quem

235 1500 461 1554 habuerat,
501 1500 727 1554 quicquam
766 1501 996 1553 mutatum3
1034 1502 1204 1540 tantum
1242 1499 1287 1540 in
1318 1514 1476 1540 annum
1513 1502 1794 1554 prorogatum

234 1559 463 1613 imperium
508 1561 584 1600 est.
651 1558 695 1600 P.
734 1557 945 1612 Sulpicius
998 1558 1162 1612 collega
1212 1558 1301 1599 eius
1346 1572 1515 1600 omnem
1561 1559 1794 1599 exercitum

235 1621 405 1672 praeter
442 1618 580 1660 socios
619 1617 792 1660 navales
836 1618 977 1659 iussus
1021 1617 1234 1658 dimittere
1274 1619 1349 1658 est.
1414 1617 1519 1658 item
1558 1631 1608 1658 ex
1646 1615 1794 1659 Sicilia

236 1677 463 1731 exercitus,
496 1678 563 1719 cui
582 1677 640 1718 M.
660 1675 883 1719 Cornelius
915 1679 1148 1731 praeesset,
1179 1676 1254 1717 ubi
1280 1676 1427 1718 consul
1452 1676 1497 1717 in
1527 1675 1793 1730 provinciam

235 1736 440 1787 venisset,
486 1736 645 1777 dimitti
689 1736 840 1777 iussus.
906 1735 951 1778 L.
991 1733 1138 1777 Cincio
1183 1736 1374 1789 praetori
1417 1735 1470 1776 ad
1514 1734 1792 1776 obtinendam

283 1845 315 1876 2.
343 1841 391 1875 acl
416 1841 547 1875 intima
566 1840 730 1885 penitus]
755 1839 839 1874 ‘tief
856 1840 894 1874 in
913 1839 979 1874 das

236 1887 380 1923 Innere’
393 1903 400 1931 3
415 1887 603 1933 Richtung
610 1887 685 1922 und
693 1887 904 1932 Bewegung
915 1887 979 1921 des

235 1935 464 1980 Fortgehens
484 1946 607 1969 waren
633 1934 747 1969 durch
774 1935 822 1969 ad
848 1935 979 1969 intima

235 1982 477 2017 hinreichend
521 1982 786 2027 ausgedrfickt3
831 1982 980 2026 penitus

236 2029 422 2065 verst'arkt
442 2029 513 2064 den
533 2029 674 2074 Begriff
690 2045 733 2058 =
753 2028 826 2064 tief
841 2029 979 2064 hinein.

236 2077 296 2119 32,
322 2081 378 2119 21,
408 2080 450 2110 14
471 2077 620 2121 penitus
645 2077 686 2110 in
709 2087 857 2120 reynum
876 2077 978 2111 abiit.

237 2123 271 2167 8,
292 2127 324 2165 9,
348 2127 388 2158 11
413 2124 454 2158 in
472 2127 583 2158 totam
602 2124 751 2168 penitus
769 2124 881 2158 aciem
895 2134 978 2167 per-

238 2172 340 2206 rasit.

283 2222 314 2252 4.
341 2217 582 2262 mitterentur]
608 2217 688 2252 hier
707 2217 780 2251 und
799 2217 860 2251 bei
880 2216 979 2251 allen

237 2265 439 2310 folgenden
486 2263 766 2308 Konjunktiven
816 2264 979 2298 schwebt

237 2312 369 2347 immer
400 2312 465 2347 das
496 2323 566 2347 von
599 2312 741 2346 decerni
769 2310 978 2355 abhangige

237 2363 278 2394 ut
303 2370 384 2401 vor3
416 2359 585 2393 indessen
610 2359 741 2393 stehen
766 2357 890 2393 Verba
916 2357 978 2393 des

236 2405 502 2440 Beschliefsens
518 2405 592 2440 und
601 2405 797 2440 Befehlens
810 2405 903 2440 auch
911 2417 976 2439 un-

236 2452 427 2488 mittelbar
452 2453 546 2487 ohne
571 2456 630 2495 ut,
656 2452 714 2495 24,
738 2456 792 2492 15,
814 2456 834 2486 5
862 2453 977 2488 iussit.

237 2500 301 2544 29,
340 2503 378 2542 2,
418 2503 438 2534 8
473 2500 616 2543 impero.
655 2499 723 2542 30,
758 2503 819 2542 32,
851 2503 867 2533 1
890 2509 977 2543 pro-

237 2548 377 2581 nuntio.
428 2547 492 2589 26,
533 2550 595 2590 50,
633 2550 651 2581 7
686 2548 854 2591 paciscor
891 2547 979 2580 ami-

236 2605 298 2629 cus
322 2595 382 2629 sis.

285 2645 314 2676 6.
344 2641 380 2676 Ο.
410 2640 649 2686 Calpurnius]
681 2640 806 2675 bisher
829 2643 979 2684 praetor

239 2689 403 2723 urbanus
433 2688 508 2722 und
540 2688 593 2722 als
625 2687 769 2722 solcher
794 2688 888 2723 ohne
913 2688 978 2721 im-

232 2737 396 2780 perium;
428 2735 486 2769 fiir
517 2734 624 2770 einen
655 2735 816 2769 anderen
848 2734 978 2769 Zweck

237 2782 330 2817 wird
373 2783 449 2817 ihm
492 2782 588 2817 nach
631 2782 873 2827 Beendigung
914 2781 979 2816 der

237 2833 412 2873 praetura
443 2830 521 2865 urb.
558 2829 725 2864 dasselbe
756 2829 977 2874 verlangert.

287 2876 438 2921 Capua]
490 2876 587 2911 eine
638 2876 746 2910 Stadt
795 2875 979 2911 erscheint

237 2923 458 2958 wiederholt
483 2924 536 2957 als
563 2924 769 2968 provincia,
794 2933 900 2957 wenn
926 2922 978 2957 sie

1052 1840 1116 1875 der
1158 1839 1401 1885 Mittelpunkt
1444 1839 1508 1874 der
1550 1839 1795 1884 Verwaltung

1052 1887 1152 1921 einer
1177 1898 1317 1932 ganzen
1343 1886 1494 1931 Gegend
1514 1886 1573 1922 ist.
1601 1885 1661 1929 24,
1687 1890 1744 1929 44,
1771 1890 1792 1921 2

1051 1934 1246 1969 Luceriam
1272 1935 1502 1979 provinciam
1526 1934 1686 1975 haberet,
1716 1933 1793 1968 und

1050 1981 1248 2016 besonders
1267 1981 1327 2025 28,
1354 1985 1410 2025 38,
1439 1985 1480 2016 13
1506 1981 1634 2026 obtiyit
1654 1981 1795 2016 Arimi-

1051 2040 1139 2063 num
1159 2050 1202 2054 —
1224 2030 1276 2063 ita
1303 2029 1464 2063 Galliam
1492 2028 1726 2073 appellabant
1748 2049 1791 2053 —

1052 2076 1189 2121 Spurio
1214 2076 1393 2111 Lucretio.

1101 2145 1130 2175 7.
1158 2141 1276 2175 minui
1308 2140 1448 2184 iussus]
1484 2140 1538 2174 ‘es
1563 2139 1688 2173 wurde
1713 2138 1792 2173 ihm

1051 2187 1179 2222 Befehl
1211 2187 1352 2228 erteilt,
1383 2186 1462 2220 dass
1495 2186 1560 2220 das
1586 2186 1684 2221 Heer
1711 2196 1793 2220 ver·

1050 2234 1212 2269 mindert
1241 2234 1387 2269 werden
1420 2233 1561 2275 sollte'3
1596 2232 1661 2268 der
1689 2233 1792 2268 infin.

1050 2280 1206 2325 passivi,
1246 2281 1392 2316 obwohl
1432 2280 1498 2315 das
1537 2280 1694 2326 SubJekt
1731 2280 1792 2315 ein

1049 2327 1300 2372 personliehes
1322 2327 1387 2362 ist:
1413 2327 1486 2372 vgl.
1514 2330 1533 2369 ξ
1554 2331 1596 2362 10
1617 2328 1795 2362 eaeereitus

1052 2396 1095 2400 —
1121 2376 1257 2410 dimitti
1287 2376 1418 2410 iussus.
1458 2372 1499 2418 5,
1527 2379 1564 2419 7,
1590 2379 1609 2409 9
1643 2375 1794 2410 laudari

1050 2423 1151 2458 iussi.
1178 2421 1212 2465 4,
1229 2426 1283 2467 12,
1298 2426 1319 2456 4
1335 2422 1478 2467 (plebei)
1497 2422 1657 2457 consules
1675 2422 1794 2457 creari

1050 2470 1142 2504 iussi
1166 2473 1260 2504 sunt.

1099 2539 1130 2569 9.
1151 2538 1295 2578 praeter
1318 2535 1431 2569 socios
1455 2534 1617 2579 navales]
1644 2533 1728 2567 weil
1753 2543 1794 2567 er

1050 2581 1144 2616 nach
1188 2580 1458 2616 Griechenland
1507 2582 1626 2626 gehen
1669 2580 1793 2623 sollte,

1051 2639 1108 2663 wo
1132 2629 1225 2663 Rom
1251 2629 1328 2664 sich
1354 2640 1435 2663 zum
1454 2627 1671 2663 Unterhalte
1691 2626 1794 2661 einer

1052 2675 1175 2711 Flotte
1200 2675 1433 2720 verpflichtet
1458 2676 1572 2710 hatte.

1100 2735 1219 2769 iussus
1249 2735 1425 2769 dimittere
1449 2734 1519 2778 est]
1553 2731 1630 2766 Liv.
1663 2733 1793 2767 trennt,

1051 2793 1141 2826 geru
1179 2781 1243 2816 das
1280 2780 1531 2815 Hilfsverbum
1567 2789 1638 2814 esse
1674 2779 1792 2814 durch

1051 2828 1110 2862 ein
1136 2828 1223 2863 oder
1248 2828 1413 2862 mehrere
1439 2827 1567 2862 Worte
1593 2837 1678 2861 vom
1701 2826 1791 2861 Ver-

1050 2875 1149 2909 bum.
1195 2874 1276 2919 Vgl.
1311 2885 1340 2909 c.
1373 2878 1435 2919 41,
1472 2878 1492 2909 2
1528 2873 1711 2918 profectus
1742 2873 1793 2909 ad

1050 2922 1241 2957 exereitum
1267 2925 1324 2956 est.
