1963 3308
158 179 183 197 a.
206 171 270 196 Chr.
290 177 317 195 n.
339 171 398 195 210.
618 158 764 194 LIBER
789 157 919 193 XXVI.
971 156 1072 192 CAP.
1101 159 1155 191 29.
1183 159 1239 190 30.
1656 151 1712 194 63

157 269 448 312 Romanorum
475 268 801 322 imperatorum,
826 265 1042 321 prosperis
1068 268 1160 306 tum
1180 264 1362 305 maxime
1389 261 1554 304 bellicis
1574 260 1714 315 rebus,

159 327 341 370 caderet.

275 386 532 427 Permutatis
570 385 800 440 provinciis
834 383 966 425 Siculi
1003 383 1048 424 in
1080 384 1275 424 senatum
1312 379 1545 422 introducti
1579 379 1713 420 multa
1728 378 1787 420 30

158 446 208 487 de
228 444 429 487 Hieronis
461 445 575 500 regis
607 444 688 486 fide
720 446 927 498 perpetua
958 455 1060 496 erga
1091 441 1297 495 populum
1320 440 1560 481 Romanum
1585 437 1715 480 verba

156 504 348 546 fecerunt
389 504 434 545 in
486 504 671 559 gratiam
718 502 933 557 publicam
979 501 1233 542 avertentes.
1306 498 1620 552 Hieronymum
1666 511 1715 539 ae
1741 507 1761 538 2

156 566 309 618 postea
330 562 623 618 Hippocraten
654 564 781 616 atque
802 559 1024 614 Epicyden
1054 561 1260 612 tyrannos
1293 571 1388 598 cum
1421 557 1475 598 ob
1508 557 1592 597 alia
1622 559 1715 597 tum

157 627 333 678 propter
359 622 640 663 defectionem
672 621 725 662 ab
752 618 958 660 Romanis
993 616 1046 658 ad
1071 616 1360 657 Hannibalem
1388 615 1550 656 invisos
1581 615 1714 656 fuisse

159 682 251 724 sibi.
303 681 356 723 ob
390 696 484 722 eam
515 694 686 722 eausam
719 681 761 719 et
787 677 1097 730 Hieronymum
1130 691 1154 716 a
1186 674 1450 729 principibus
1482 674 1714 715 iuventutis

157 755 290 796 prope
322 740 493 795 publico
519 738 695 780 consilio
727 736 1018 789 interfectum,
1051 738 1093 776 et
1123 735 1168 776 in
1192 733 1398 789 Epicydis
1419 732 1714 788 Hippocratis·
1742 744 1762 774 3

162 815 240 855 que
267 799 437 841 caedem
464 796 737 851 septuaginta
762 794 1128 838 nobilissimorum
1154 794 1353 834 iuvenum
1376 792 1717 834 coniurationem

160 859 336 912 factam3
367 871 472 911 quos
492 855 684 897 Marcelli
704 869 826 896 mora
845 853 1093 908 destitutos,
1120 853 1221 907 quia
1242 852 1294 893 ad
1319 851 1585 907 praedictum
1610 853 1716 892 tem-

157 932 238 972 pus
282 916 513 958 exereitum
559 915 608 956 ad
655 913 890 969 Syracusas
934 927 1023 955 non
1067 912 1349 965 admovisset,
1399 911 1557 952 indicio
1601 909 1715 951 facto

159 990 304 1018 omnes
350 975 402 1016 ab
446 974 642 1028 tyrannis
686 973 950 1015 interfectos.
1018 986 1112 1013 eam
1155 985 1322 1026 quoque
1359 970 1636 1024 Hippocratis
1675 972 1717 1010 et
1742 980 1765 1010 4

155 1034 358 1089 Epicydis
397 1033 670 1089 tyrannidem
701 1032 949 1074 Marcellum
988 1031 1195 1072 excitasse
1228 1029 1451 1071 Leontinis
1489 1028 1717 1070 crudeliter

158 1093 347 1149 direptis,
395 1107 628 1148 numquam
659 1092 807 1133 deinde
838 1090 1050 1145 principes
1072 1089 1441 1144 Syracusanorum
1475 1088 1635 1129 desisse
1662 1086 1713 1128 ad
1743 1097 1762 1128 5

157 1152 409 1194 Marcellum
440 1152 624 1193 transire
654 1151 932 1205 pollicerique
966 1164 1010 1191 se
1041 1149 1210 1204 urbem,
1249 1163 1345 1190 cum
1377 1147 1522 1196 vellet,
1561 1148 1600 1188 ei
1630 1149 1715 1187 tra-

159 1213 340 1265 dituros3
373 1211 446 1252 sed
467 1225 560 1252 eum
586 1211 725 1264 primo
752 1210 795 1250 vi
815 1223 963 1264 capere
991 1209 1210 1263 maluisse3
1242 1207 1358 1260 dein,
1390 1221 1485 1248 cum
1511 1206 1554 1247 id
1580 1220 1716 1260 neque
1744 1217 1765 1248 6

157 1274 274 1312 terra
299 1285 434 1324 neque
459 1270 568 1311 mari
594 1269 736 1311 omnia
759 1270 957 1323 expertus
983 1268 1212 1322 potuisset,
1238 1268 1432 1308 auctores
1458 1265 1717 1307 traditarum

160 1329 464 1385 Syracusarum
500 1329 671 1370 fabrum
710 1328 921 1369 aerarium
954 1325 1093 1368 Sosim
1132 1329 1174 1367 et
1204 1325 1442 1367 Moericum
1474 1324 1717 1378 Hispanum

159 1404 287 1444 quam
323 1388 537 1443 principes
570 1387 936 1442 Syracusanorum
974 1386 1150 1438 habere,
1187 1385 1346 1427 totiens
1385 1384 1427 1425 id
1458 1384 1717 1438 nequiquam

159 1449 271 1490 ultro
317 1448 560 1501 offerentes,
602 1449 898 1501 praeoptasse,
943 1459 1026 1500 quo
1072 1444 1236 1486 seilicet
1279 1443 1456 1485 iustiore
1498 1443 1548 1484 de
1591 1457 1719 1484 causa

158 1507 473 1548 vetustissimos
507 1506 645 1548 socios
677 1506 827 1561 populi
857 1504 1043 1546 Romani
1073 1503 1309 1545 trucidaret
1341 1518 1389 1544 ae
1421 1502 1635 1556 diriperet.
1682 1501 1716 1543 si
1745 1513 1763 1543 7

158 1581 244 1608 non
275 1565 567 1620 Hieronymus
600 1565 652 1606 ad
678 1564 967 1606 Hannibalem
1000 1563 1242 1617 defecisset,
1276 1562 1348 1603 sed
1379 1562 1563 1616 populus
1593 1559 1718 1615 Syra-

160 1639 342 1667 cusanus
376 1627 419 1666 et
451 1626 643 1679 senatus,
682 1625 717 1665 si
755 1626 904 1678 portas
936 1622 1142 1664 Marcello
1175 1620 1436 1676 Syracusani
1474 1620 1644 1675 publice
1677 1621 1720 1661 et

208 1765 236 1788 c.
275 1752 336 1795 30,
377 1758 406 1788 1.
452 1752 491 1786 in
527 1753 685 1796 qratiam
716 1752 904 1796 publicam

161 1800 375 1846 avertentes]
425 1800 563 1834 ‘indem
602 1800 653 1833 sie
691 1799 750 1833 die
785 1799 903 1834 Treue

162 1848 225 1882 des
246 1847 386 1892 Konigs
406 1859 449 1881 zu
469 1845 634 1881 Gunsten
655 1847 719 1881 der
736 1846 904 1881 Gesamt-

161 1894 240 1929 heit
266 1895 442 1939 auslegen
467 1894 682 1928 wollten'.
720 1897 839 1928 averto
860 1910 902 1922 =

160 1952 233 1976 von
277 1942 360 1976 dem
404 1941 501 1975 Ziele
545 1951 627 1985 weg
671 1941 766 1975 nach
806 1940 905 1975 einer

162 1989 324 2023 anderen
338 1988 526 2033 Richtung
538 1988 686 2030 lenken,
702 1987 902 2023 ablenken:

162 2036 227 2078 24,
267 2040 305 2079 5,
346 2040 388 2070 12
427 2037 557 2070 avertit
595 2036 639 2070 ab
678 2036 829 2070 consciis
863 2035 904 2069 in

162 2085 319 2118 insontes
344 2084 532 2118 iudicium.

211 2135 241 2166 2.
268 2141 347 2164 eum
361 2131 402 2165 ob
418 2131 495 2165 alia
508 2150 551 2154 —
566 2133 642 2164 tam
659 2129 821 2175 propter]
841 2129 905 2164 der

162 2177 421 2219 Unterschied,
455 2176 534 2211 dass
561 2178 602 2212 ob
631 2189 703 2212 von
730 2176 904 2211 Griinden

162 2224 307 2259 innerer
326 2225 404 2266 Art,
429 2236 494 2259 aus
515 2225 579 2259 der
600 2224 810 2268 Stimmung
829 2224 903 2258 und

164 2270 375 2316 Gesinnung
394 2274 641 2315 entnommen,
661 2274 812 2315 propter
832 2282 904 2305 von

165 2317 325 2352 'ausserer
353 2319 629 2363 Veranlassung
660 2319 781 2361 stehe,
812 2318 905 2352 wird

165 2375 237 2399 von
266 2365 345 2400 Liv.
376 2366 482 2400 nicht
513 2366 632 2401 selten
663 2365 785 2400 ausser
809 2365 907 2400 Acht

166 2412 342 2456 gelassen.
384 2412 423 2455 2,
458 2417 516 2455 17,
550 2417 567 2446 7
601 2414 717 2458 mayz's
748 2413 790 2447 ob
817 2414 906 2454 iras,

166 2470 273 2503 quam
322 2459 363 2493 ob
410 2460 696 2503 maynitudinem
746 2460 827 2494 belli
863 2480 905 2484 —

165 2507 447 2549 triumpharunt.
480 2517 508 2541 c.
524 2510 580 2548 23,
602 2511 619 2540 1
635 2510 784 2551 propter
797 2517 907 2541 nemos

167 2553 208 2587 ob
241 2564 300 2587 aes
331 2554 498 2587 alienum.
555 2552 638 2598 Vgl.
666 2557 684 2595 ξ
712 2558 731 2587 2
758 2554 800 2588 ob
832 2565 908 2588 eam

167 2611 325 2643 eausam,
350 2612 384 2634 u.
413 2613 438 2635 s.
465 2611 509 2635 w.

174 2686 192 2693 υ
209 2658 322 2691 prope
337 2648 484 2691 publico
499 2647 665 2691 consilio]
681 2647 908 2681 rhetorische

168 2694 457 2738 Ubertreibung;
485 2694 578 2728 doch
604 2694 693 2728 fand
711 2693 790 2728 ihre
811 2693 910 2727 That

171 2741 394 2786 wenigstens
421 2741 667 2786 allgemeinen
692 2740 837 2775 Beifall.

216 2792 247 2823 3.
274 2799 374 2823 mora
398 2788 600 2834 destitutos]
632 2788 727 2822 nach
753 2787 819 2830 25,
853 2791 908 2830 23,

171 2838 188 2867 7
218 2835 362 2870 werden
389 2836 440 2869 sie
467 2836 581 2870 durch
615 2835 720 2869 einen
754 2834 909 2878 Syraku-

171 2892 275 2915 saner
299 2885 486 2922 verraten,
511 2882 686 2917 wahrend
717 2882 828 2916 Marc.
851 2881 909 2916 die

173 2927 279 2962 Stadt
305 2928 599 2973 eingeschlossen
624 2929 713 2963 halt.

1023 1755 1053 1785 4.
1081 1750 1304 1796 tyrranidem
1330 1749 1515 1794 excitasse]
1543 1748 1647 1782 eoeeit.
1674 1764 1718 1776 =

976 1798 1032 1832 ins
1074 1797 1197 1832 Leben
1240 1797 1362 1839 rufen3
1406 1795 1605 1831 besonders
1648 1805 1719 1829 von

976 1845 1183 1890 unruhigen
1229 1844 1305 1878 und
1349 1843 1605 1888 gefahrlichen
1651 1843 1718 1876 Zu-

977 1893 1150 1927 st'anden:
1179 1893 1307 1926 bellum
1333 1902 1362 1926 c.
1384 1895 1440 1931 26,
1470 1895 1510 1924 11
1532 1890 1717 1924 tumultus.

978 1940 1037 1981 32,
1064 1943 1120 1982 26,
1146 1943 1178 1974 4,
1217 1939 1278 1980 37,
1304 1942 1361 1982 35,
1388 1942 1419 1972 9.

1026 2003 1056 2033 5.
1073 2000 1200 2033 desisse
1215 2019 1258 2023 —
1273 1997 1446 2042 transire]
1462 1997 1512 2030 im
1527 2000 1581 2032 25.
1595 1996 1719 2030 Buche

976 2046 1026 2081 ist
1051 2046 1171 2080 davon
1197 2045 1318 2080 nichts
1345 2045 1523 2080 erwahnt.

1023 2104 1141 2150 faber]
1156 2104 1373 2139 bezeichnet
1382 2102 1634 2137 Handwerker
1644 2102 1720 2136 und

976 2151 1248 2187 Handarbeiter
1273 2151 1365 2186 aller
1391 2152 1468 2194 Art,
1498 2162 1526 2185 e.
1555 2154 1610 2193 51,
1639 2154 1656 2184 7
1684 2162 1719 2184 u.

978 2204 998 2235 8
1023 2200 1124 2243 fabri
1149 2200 1308 2234 omnium
1326 2209 1505 2244 generum.
1532 2197 1592 2241 28,
1619 2200 1650 2241 8,
1677 2201 1719 2231 13

976 2246 1125 2281 werden
1149 2247 1250 2289 fabri
1274 2247 1421 2281 navales
1447 2245 1624 2280 erwahnt.

1020 2305 1269 2351 praeoptasse]
1290 2305 1403 2339 sehon
1422 2303 1460 2338 in
1475 2304 1628 2338 altester
1641 2303 1721 2337 Zeit

978 2353 1119 2387 sowohl
1156 2352 1225 2387 mit
1261 2356 1302 2386 ut
1339 2352 1394 2386 als
1427 2351 1510 2385 dem
1541 2350 1608 2385 Ins.
1642 2361 1720 2385 ver-

979 2400 1144 2441 bundem
1171 2400 1237 2434 hat
1263 2399 1322 2434 bei
1345 2399 1423 2433 Liv.
1450 2410 1519 2432 nur
1544 2398 1624 2432 hier
1649 2398 1721 2432 den

979 2447 1140 2482 Infinitiv
1175 2447 1284 2490 (auch
1321 2446 1383 2480 bei
1416 2445 1581 2489 Caesar),
1620 2446 1723 2479 sonst

980 2495 1094 2529 alieni
1119 2495 1261 2538 aliquid
1287 2496 1514 2538 praeoptare.
1565 2491 1632 2535 23,
1665 2495 1721 2534 43,

982 2546 1021 2575 11
1065 2541 1248 2575 Punicam
1279 2540 1466 2575 Romanae
1503 2540 1722 2580 societatem,-

979 2588 1056 2622 und
1097 2590 1189 2623 statt
1230 2589 1293 2623 des
1336 2587 1465 2622 Dativ:
1507 2587 1573 2630 28,
1606 2590 1668 2627 21,
1702 2591 1721 2620 9

982 2638 1125 2669 mortem
1157 2647 1264 2680 quam
1291 2661 1475 2670 ......
1502 2637 1543 2667 ut
1572 2634 1723 2677 imperio

981 2682 1212 2724 subiceretur,
1232 2684 1499 2725 praeoptantes.

1031 2744 1060 2773 7.
1083 2740 1243 2784 populus
1275 2739 1531 2784 Syracusanus
1561 2741 1593 2772 et
1620 2748 1722 2772 sena-

982 2787 1054 2831 tus]
1095 2786 1154 2821 die
1185 2786 1458 2830 Wortstellung
1483 2784 1619 2819 weicht
1649 2795 1722 2819 von

983 2834 1046 2868 der
1070 2833 1122 2867 im
1147 2833 1356 2868 romischen
1377 2832 1566 2867 Curialstil
1586 2834 1722 2866 stereo-

981 2884 1096 2925 typen
1128 2880 1162 2915 S.
1196 2880 1234 2914 P.
1270 2878 1310 2921 Q.
1344 2880 1386 2914 R.
1424 2880 1487 2921 ab3
1528 2878 1721 2913 Gedanke:

985 2928 1105 2962 ‘wenn
1127 2927 1288 2971 Syrakus
1315 2927 1368 2961 als
1389 2926 1573 2962 Freistaat
1598 2937 1636 2961 so
1663 2937 1722 2970 ge-
