1963 3308
613 155 759 191 LIBER
783 155 914 190 XXVI.
967 153 1070 190 CAP.
1098 158 1154 190 37.
1182 157 1236 189 38.

147 176 172 194 n..
196 167 260 194 Chr.
281 175 308 192 n.
330 167 390 193 210.
1658 151 1711 192 79

148 266 323 308 fortuna
361 279 569 319 suspensa
608 264 752 305 omnia
789 263 1002 318 utrimque
1042 264 1163 304 erant
1199 262 1368 317 integra
1407 275 1499 316 spe,
1542 260 1712 314 integro

149 326 284 374 metu,
315 324 432 365 velut
458 323 533 365 illo
559 327 753 377 tempore
779 322 966 376 primum
992 321 1152 363 bellum
1183 320 1429 374 inciperent.

267 382 558 424 Hannibalem
586 384 684 424 ante
712 381 857 423 omnia
890 381 1096 436 angebat,
1127 379 1240 434 quod
1274 378 1422 433 Capua
1452 377 1713 432 pertinacius
1729 376 1786 418 38

150 444 398 498 oppugnata
429 441 482 483 ab
515 440 720 483 Romanis
760 454 887 494 quam
921 439 1097 480 defensa
1129 439 1181 480 ab
1221 453 1265 480 se
1297 438 1530 479 multorum
1562 436 1715 478 Italiae

148 501 404 557 populorum
444 501 609 542 animos
642 500 873 551 averterat,
911 512 1016 551 quos
1054 511 1190 551 neque
1223 511 1369 538 omnes
1408 498 1555 537 tenere
1592 509 1713 550 prae·
1742 504 1761 535 ·2

149 560 281 614 sidiis,
307 560 392 600 nisi
418 559 548 600 vellet
573 559 617 599 in
642 558 800 599 multas
827 569 1066 610 parvasque
1098 558 1243 609 partes
1271 568 1444 608 carpere
1472 554 1715 606 exereitum,

151 618 263 674 quod
302 619 477 659 minime
516 620 608 658 tum
643 615 913 670 expediebat,
952 616 1124 668 poterat
1153 627 1231 654 neo
1265 613 1454 654 deductis
1487 612 1714 666 praesidiis

150 678 241 732 spei
280 678 459 719 liberam
492 676 560 717 vel
593 674 823 716 obnoxiam
861 673 1008 714 timori
1046 672 1258 714 sociorum
1295 671 1538 725 relinquere
1575 671 1714 712 fidem.

148 750 354 791 praeceps
397 736 442 776 in
481 734 704 776 avaritiam
744 735 786 773 et
830 731 1127 773 crudelitatem
1173 731 1340 772 animus
1388 730 1441 771 ad
1479 729 1716 784 spolianda,
1742 741 1762 770 3

151 809 257 850 quae
286 795 397 835 tueri
422 793 648 847 nequibat,
679 793 727 832 ut
753 793 923 832 vastata
947 790 1064 832 hosti
1089 790 1448 844 relinquerentur,
1479 788 1714 829 inclinavit.

149 854 192 895 id
224 853 394 895 foedum
421 851 644 893 consilium
672 865 767 892 cum
793 851 985 904 incepto,
1016 851 1108 890 tum
1136 849 1267 890 etiam
1294 849 1409 889 exitu
1438 848 1531 889 fuit.
1580 860 1715 901 neque
1742 858 1765 888 4

153 913 265 954 enim
292 911 469 966 indigna
495 910 754 964 patientium
780 909 907 950 modo
935 908 1295 950 abalienabantur
1321 907 1473 961 animi,
1507 906 1580 947 sed
1607 909 1716 948 eete-

152 985 295 1013 rorum
323 970 471 1011 etiam:
506 970 664 1024 quippe
691 968 742 1010 ad
775 969 920 1022 plures
947 968 1188 1021 exemplum
1222 981 1352 1021 quam
1378 966 1595 1007 calamitas
1625 978 1716 1019 per-

151 1030 330 1071 tinebat.
379 1043 458 1070 nee
485 1028 632 1070 consul
656 1027 876 1069 Romanus
904 1026 1168 1080 temptandis
1193 1025 1389 1079 urbibus,
1418 1024 1592 1066 sicunde
1619 1038 1715 1078 spes

153 1089 297 1143 aliqua
331 1101 374 1130 se
407 1087 684 1139 ostendisset,
717 1086 874 1128 deerat.
926 1084 1126 1139 Salapiae
1158 1084 1376 1140 principes
1410 1086 1534 1125 erant
1555 1082 1716 1124 Dasius
1744 1094 1765 1124 6

154 1150 196 1189 et
233 1147 440 1200 Blattius,
477 1146 637 1187 Dasius
676 1145 911 1186 Hannibali
952 1145 1131 1198 amicus,
1169 1143 1378 1198 Blattius,
1421 1144 1629 1197 quantum
1668 1155 1718 1182 ex

153 1209 248 1248 tuto
286 1208 474 1261 poterat,
513 1220 601 1246 rem
633 1204 875 1246 Romanam
913 1204 1091 1245 fovebat
1129 1206 1171 1244 et
1211 1217 1287 1256 per
1321 1202 1508 1244 occultos
1541 1201 1717 1242 nuntios

1744 1034 1764 1064 οι

201 1357 311 1403 velut]
339 1374 383 1386 ---
409 1357 505 1391 velut
530 1357 579 1399 si,
606 1355 675 1391 wie
698 1356 794 1390 auch
819 1359 898 1390 tan-

155 1416 262 1449 quam
288 1404 383 1439 ohne
406 1405 438 1438 si
461 1402 522 1438 bei
542 1403 622 1438 Liv.
643 1403 748 1437 nicht
768 1402 898 1437 selten.

972 1353 1184 1389 teilichkeit
1227 1353 1291 1388 der
1336 1352 1492 1395 Quellen
1535 1353 1619 1387 sehr
1664 1363 1718 1386 er-

974 1402 1150 1443 schwert3
1195 1400 1291 1435 nach
1335 1399 1511 1444 Polybius
1555 1401 1719 1434 nannten

156 1452 215 1495 21,
226 1455 285 1495 5,1
300 1452 397 1486 velut
411 1452 443 1485 ei
453 1451 773 1495 Italiaprovincia
786 1477 898 1485 ......

155 1500 296 1534 decreta
321 1502 415 1533 esset.
463 1497 523 1540 24,
544 1501 577 1540 5,
598 1501 618 1531 2
644 1498 738 1533 velut
759 1518 801 1521 —
823 1497 899 1540 effi-

155 1556 230 1582 cere
253 1546 363 1581 vellet.

203 1627 232 1651 c.
254 1616 316 1651 38.
356 1615 592 1660 Ubergabe
615 1615 826 1659 Salapias
848 1626 900 1650 an

156 1663 228 1699 die
256 1664 424 1698 Romer.

204 1711 344 1746 animos
377 1709 569 1754 averterat]
605 1709 725 1744 ‘hatte
758 1708 809 1743 sie
836 1709 898 1743 ab·

157 1757 320 1802 wendig‚
349 1756 564 1801 abspenstig
589 1755 798 1800 gemacht'‚
835 1767 899 1790 aus

158 1805 241 1839 dem
262 1803 600 1849 Vorhergehenden
621 1802 671 1837 ist
690 1815 712 1838 a
731 1814 766 1838 se
786 1803 901 1838 leicht

157 1864 202 1886 zu
222 1855 412 1896 erganzen.
446 1851 530 1895 Vgl.
552 1854 570 1892 ξ
588 1855 605 1884 7
627 1851 672 1885 ab
692 1861 730 1885 re
754 1861 900 1885 aversus

159 1901 202 1927 ὲ
215 1898 422 1943 abgeneigt.
451 1898 501 1932 Zu
513 1901 633 1932 averto
645 1915 688 1926 =
700 1897 902 1942 abgeneigt

158 1946 330 1981 macheu:
351 1945 411 1986 21,
433 1948 489 1987 19,
511 1949 530 1980 6
553 1948 750 1979 averterent
769 1956 791 1979 a
812 1944 900 1979 Poe-

158 1994 227 2027 nis.
272 1991 332 2034 24,
354 1997 385 2036 6,
407 1996 426 2026 9
454 1993 498 2026 ab
518 1991 705 2026 Romanis.
753 2002 780 2026 c.
804 1995 859 2035 29,
881 1996 900 2026 6

160 2041 204 2075 ab
231 2039 477 2085 Syracusanis
502 2051 536 2073 u.
565 2050 595 2073 a.

208 2098 369 2143 carpere]
379 2096 664 2142 ungewohnlich
672 2099 765 2132 statt
771 2098 901 2133 discer-

153 2156 241 2190 pere
267 2145 355 2180 oder
381 2145 559 2186 dividam·
583 2156 652 2178 nur
677 2145 772 2179 noch
792 2144 827 2188 3,
845 2148 902 2188 61,

162 2196 203 2227 13
239 2193 280 2227 in
316 2192 432 2226 multa
462 2192 607 2236 proelia
640 2213 680 2216 —
716 2195 903 2236 carperent

159 2250 333 2274 summam
365 2239 477 2273 unius
509 2238 618 2273 belli?
676 2239 727 2273 Zu
761 2240 905 2274 divido.-

160 2285 227 2328 34,
262 2290 322 2329 11,
353 2290 374 2319 4
409 2290 450 2320 ut
480 2286 674 2321 dividendo
711 2287 904 2321 exercitum

162 2334 322 2367 minuere
347 2336 423 2368 tuto
448 2334 541 2368 vires
563 2336 690 2377 posset.

210 2392 285 2435 spei
311 2391 474 2436 liberam]
504 2391 586 2425 ‘frei
609 2391 667 2425 fiir
688 2390 904 2435 Hoffnung',

163 2439 353 2473 obnoxiam
381 2438 522 2472 timori:
550 2437 630 2472 ‘der
651 2438 904 2483 Befiirchtung

162 2483 259 2519 blofs
273 2484 450 2529 gestellt’.
466 2504 505 2508 —
524 2485 612 2519 liber
625 2485 692 2519 hat
705 2485 764 2519 die
777 2485 904 2527 Sache,

163 2532 233 2566 fiir
282 2531 452 2566 welche
500 2542 586 2564 man
632 2531 700 2565 frei
743 2532 808 2575 ist,
852 2532 902 2566 im

162 2579 274 2613 Dativ
320 2579 453 2612 ebenso
491 2577 690 2613 vereinzelt
732 2578 792 2612 bei
828 2578 905 2612 sich

163 2625 233 2660 wie
271 2635 406 2660 vacuus
443 2637 470 2659 z,
509 2624 550 2658 Β.
590 2624 630 2666 1,
668 2629 730 2666 46,
769 2629 787 2659 9
828 2636 907 2659 cum

164 2673 284 2707 domos
309 2682 444 2706 vacuas
474 2682 564 2705 novo
597 2672 826 2706 matrimonio
859 2672 906 2713 fe-

165 2720 293 2754 cissent
318 2719 392 2753 und
419 2718 454 2762 3,
481 2721 537 2761 28,
567 2722 596 2752 7.
648 2718 732 2762 Vgl.
760 2718 908 2752 liberius

165 2767 315 2811 fingenti
341 2769 359 2808 ξ
388 2769 440 2801 10.

213 2829 245 2859 3.
270 2835 440 2868 praeceps
472 2826 512 2859 in
545 2824 741 2859 avaritiam
773 2826 804 2857 et
830 2834 907 2858 cru-

165 2871 342 2905 delitatem
374 2871 534 2916 animus]
569 2871 629 2905 die
666 2870 909 2914 Beurteilung

166 2928 237 2952 von
269 2918 332 2952 Hs
363 2918 566 2952 Charakter
597 2918 645 2952 ist
677 2917 790 2952 durch
822 2916 909 2951 Par-

973 1448 1038 1482 ihn
1065 1448 1123 1482 die
1138 1448 1274 1482 Romer
1294 1444 1409 1491 ὠμὸς,
1437 1447 1494 1482 die
1509 1447 1720 1491 Karthager

974 1492 1202 1539 φιλάργυγος
1222 1511 1266 1524 =
1288 1495 1443 1529 crudelis
1462 1506 1495 1529 u.
1517 1504 1662 1529 avarus.
1675 1514 1720 1518 -—

970 1553 1142 1588 praeceps
1166 1542 1301 1577 drflckt
1320 1541 1389 1576 wie
1409 1552 1554 1585 pronus
1576 1540 1647 1575 mit
1672 1541 1721 1575 ad

973 1589 1049 1624 und
1080 1591 1120 1624 in
1152 1589 1233 1624 eine
1259 1588 1519 1624 entschiedene
1546 1588 1721 1632 Neigung

973 1649 1015 1671 zu
1049 1638 1162 1671 etwas
1195 1648 1275 1680 aus,
1316 1636 1376 1679 25,
1403 1639 1458 1678 35,
1485 1639 1507 1669 4
1533 1636 1582 1670 acl
1607 1635 1721 1670 ullam

974 1685 1103 1719 bonam
1121 1694 1218 1728 spem
1231 1684 1397 1728 pronior.
1425 1682 1485 1726 29,
1500 1686 1554 1726 14,
1569 1686 1589 1716 2
1605 1682 1722 1727 proni

975 1759 1101 1767 .....
1123 1732 1171 1766 ad
1196 1731 1408 1765 nzmtianola
1430 1730 1615 1774 prodigia.
1659 1728 1719 1771 30,

975 1783 1030 1822 12,
1059 1782 1100 1813 18
1131 1779 1171 1813 in
1204 1778 1373 1812 Venerem
1396 1787 1577 1822 praeceps.

1021 1837 1231 1882 inelinavit]
1267 1836 1332 1871 das
1364 1835 1542 1870 Aktivum
1575 1835 1614 1869 in
1647 1846 1721 1869 me-

975 1884 1092 1919 dialer
1134 1884 1356 1927 Bedeutung
1399 1882 1460 1917 bei
1497 1882 1577 1917 Liv.
1618 1882 1722 1916 nicht

976 1932 1103 1966 selten.
1144 1942 1174 1965 c.
1202 1934 1259 1972 40,
1289 1933 1331 1964 14
1357 1930 1646 1974 omnia'repente
1672 1930 1723 1964 acl

974 1978 1159 2013 Romanos
1197 1978 1475 2012 inclinaverant.
1528 1976 1593 2020 24,
1629 1979 1667 2019 8,
1700 1980 1719 2011 9

974 2026 1080 2068 favor
1122 2025 1325 2059 inclinarit.
1390 2024 1455 2068 27,
1495 2028 1533 2068 6,
1579 2027 1609 2058 3.
1662 2023 1724 2066 24,

977 2076 1038 2115 28,
1068 2077 1098 2107 3.

1023 2135 1054 2166 4.
1093 2131 1252 2176 foedum]
1299 2130 1358 2165 ein
1401 2130 1462 2165 bei
1503 2129 1581 2165 Liv.
1628 2129 1723 2164 oster

976 2178 1321 2213 wiederkehrender
1330 2176 1506 2212 Gedanke
1516 2191 1523 2212 :
1534 2177 1722 2221 ngprae-

976 2226 1042 2268 fat.
1070 2229 1088 2268 ξ
1115 2229 1173 2260 10:
1206 2226 1350 2267 foedum
1381 2226 1545 2268 inceptu,
1580 2224 1724 2266 foedum

978 2273 1087 2308 emita.
1110 2293 1152 2297 —
1173 2273 1299 2315 foedus
1319 2288 1363 2300 =
1384 2271 1525 2306 sittlich
1546 2270 1725 2314 schlecht,

979 2317 1144 2364 αἰσχρός,
1172 2319 1232 2363 32,
1259 2323 1315 2362 26,
1343 2323 1373 2353 8.
1412 2318 1473 2362 40,
1500 2322 1532 2363 4,
1561 2322 1590 2352 1.

1027 2383 1058 2413 5.
1086 2379 1234 2412 sicunde
1262 2398 1302 2401 —
1331 2388 1409 2421 spes
1439 2388 1474 2412 se
1500 2376 1721 2421 ostendisset]

978 2426 1127 2460 sicunde
1147 2442 1190 2454 =
1212 2426 1244 2459 si
1270 2425 1454 2459 alicunde:
1490 2424 1544 2459 ‘so
1572 2424 1626 2459 oft
1651 2434 1724 2458 von

978 2472 1110 2517 irgend
1142 2472 1301 2513 woher'3
1342 2472 1408 2506 das
1441 2472 1549 2506 Wort
1580 2471 1725 2505 komrnt

979 2532 1048 2553 nur
1078 2520 1158 2554 hier
1189 2530 1254 2554 vor
1286 2518 1347 2552 bei
1378 2519 1476 2561 Liv.;
1508 2518 1626 2553 sicubi
1656 2517 1726 2551 mit

980 2566 1064 2601 dem
1085 2566 1187 2611 Conj.
1208 2565 1402 2600 iterativus
1424 2565 1592 2610 dagegen
1612 2564 1647 2608 3,
1669 2568 1724 2606 63,

981 2617 1011 2647 3.
1052 2613 1118 2656 21,
1147 2617 1207 2655 50,
1235 2617 1254 2647 3
1281 2613 1400 2647 sicubi
1425 2615 1587 2647 conserta
1619 2612 1725 2645 navis

980 2663 1075 2694 esset.

1030 2722 1060 2752 6.
1089 2717 1279 2762 Salapiae]
1307 2717 1389 2751 eine
1414 2715 1538 2750 kleine
1554 2715 1662 2750 Stadt
1686 2715 1725 2749 in

982 2763 1143 2808 Apulien
1173 2764 1211 2797 in
1244 2763 1308 2798 der
1339 2763 1447 2797 N‘ahe
1479 2763 1541 2797 des
1575 2762 1724 2797 adriati-

983 2811 1093 2845 schen
1119 2811 1271 2845 Meeres.

1030 2869 1186 2914 fovebat]
1253 2869 1323 2913 eig.
1376 2885 1419 2897 =
1469 2867 1724 2910 warmhalten‚

982 2917 1139 2961 pflegen,
1165 2926 1237 2951 von
1260 2914 1513 2950 Krankheiten
1540 2914 1724 2957 entlehnt3
