1963 3308
141 617 184 647 10

143 854 183 883 11

142 1031 185 1061 12

209 144 265 185 58
722 141 866 177 LIBER
892 141 1022 176 XXVI.
1074 140 1175 176 CAP.
1202 145 1258 177 27.

1608 156 1631 174 a.
1652 156 1680 174 u.
1702 148 1763 175 543.

210 252 457 294 elevabatur
494 250 621 291 index
657 248 964 302 indiciumque:
1006 248 1142 302 pridie
1174 262 1269 289 eum
1300 248 1549 289 verberibus
1582 247 1764 302 castiga-

209 316 301 353 tum
334 310 386 352 ab
419 309 600 351 dominis
635 307 898 361 discessisse,
936 321 1012 360 per
1049 307 1158 347 iram
1190 321 1239 348 ac
1270 306 1489 348 levitatem
1521 321 1572 348 ex
1603 321 1648 348 re
1679 306 1763 347 for—

212 370 324 411 tuita
362 369 522 410 crimen
559 369 858 409 commentum.
925 368 1112 407 ceterum
1149 367 1197 406 ut
1235 379 1378 407 coram
1414 366 1764 420 coarguebantur,

213 432 255 471 et
297 427 490 482 quaestio
535 441 585 467 ex
628 424 836 467 ministris
880 425 1081 466 facinoris
1117 424 1211 465 foro
1250 423 1389 465 medio
1426 423 1576 465 haberi
1614 426 1765 478 coepta

213 490 295 540 est,
325 486 432 528 fassi
453 500 619 539 omnes,
652 488 780 539 atque
805 483 850 525 in
882 483 1078 526 dominos
1105 497 1333 537 servosque
1360 482 1551 524 conscios
1578 483 1764 524 animad-

211 560 382 588 versum
414 548 490 587 est.
543 544 673 586 indici
703 543 879 585 libertas
913 542 1014 584 data
1046 545 1088 584 et
1118 542 1275 597 viginti
1307 542 1426 583 milia
1458 541 1579 583 aeris.

330 603 509 647 Consuli
527 603 715 645 Laevino
738 600 930 656 Capuam
955 602 1241 656 praetereunti
1263 599 1520 643 circumfusa
1539 600 1764 642 multitudo

212 663 530 718 Campanorum
562 666 628 704 est
659 662 976 704 obsecrantium
1009 676 1104 703 cum
1140 660 1346 713 lacrimis,
1384 662 1432 701 ut
1469 659 1554 701 sibi
1583 658 1767 700 Romam

213 724 266 765 ad
304 726 499 765 senatum
541 722 601 763 ire
645 721 793 763 liceret
831 724 1016 774 oratum,
1061 720 1097 761 si
1139 734 1223 774 qua
1260 718 1551 760 misericordia
1594 717 1767 759 tandem

210 782 325 824 flecti
368 784 562 836 possent,
606 795 658 821 ne
703 794 747 821 se
792 779 845 820 ad
888 779 1085 820 ultimum
1128 779 1341 833 perditum
1380 778 1493 819 irent
1530 791 1767 831 nomenque

213 841 529 895 Campanorum
553 855 578 881 a
599 839 646 888 Q.
666 837 818 879 Flacco
847 838 976 879 deleri
1003 838 1201 879 sinerent.
1244 837 1422 878 Flaccus
1449 837 1531 877 sibi
1555 836 1769 890 privatam

213 900 476 941 simultatem
508 913 603 940 cum
636 896 867 951 Campanis
899 910 1057 951 negare
1089 896 1222 938 ullam
1254 911 1363 950 esse,
1402 895 1596 950 publicas
1628 894 1768 936 inimi-

213 960 337 1000 citias
372 958 586 1011 [hostiles]
621 960 663 999 et
696 971 787 998 esse
821 959 863 997 et
894 955 1078 1009 futuras,
1118 955 1258 1009 quoad
1289 969 1337 996 eo
1371 955 1512 996 animo
1546 968 1636 996 esse
1669 967 1784 1008 erga·

211 1019 418 1073 populum
461 1016 702 1059 Romanum
753 1015 892 1057 sciret.

213 1218 420 1261 Campaner
445 1227 569 1251 waren
595 1215 776 1249 demnach
802 1214 841 1248 in
860 1214 955 1249 Rom

212 1265 391 1309 ans'assig,
407 1263 475 1297 wie
487 1264 526 1308 Ja
539 1263 590 1297 im
602 1262 715 1297 Lause
728 1262 791 1296 des
804 1261 955 1306 Krieges

212 1311 403 1346 mehrfach
424 1310 681 1355 campanische
703 1309 806 1352 Edle,
829 1309 887 1343 die
909 1319 956 1342 an

215 1360 297 1394 dem
324 1357 449 1393 Abfall
481 1358 579 1392 ihrer
605 1356 821 1391 Vaterstadt
852 1356 957 1390 nicht

212 1406 438 1441 teilnehmen
447 1405 608 1449 wollten,
621 1403 716 1438 nach
726 1404 819 1438 Rom
828 1414 955 1448 zogen,

213 1454 295 1498 Vgl.
324 1453 389 1496 24,
417 1457 478 1495 47,
514 1456 555 1486 12
582 1453 713 1497 equites
741 1451 870 1487 CXII
893 1460 956 1485 no-

214 1502 299 1536 biles
326 1500 515 1544 Campani.

262 1548 416 1593 elevare]
453 1547 508 1582 als
539 1548 625 1582 levis
651 1563 694 1575 =
721 1545 958 1590 geringfiigig

214 1595 426 1630 darstellen.
461 1606 490 1629 c.
517 1599 572 1636 51,
606 1598 647 1628 11
675 1593 860 1628 elevabant
883 1603 958 1626 ver·

214 1644 278 1678 bis.
331 1642 399 1684 28,
429 1647 492 1684 43,
527 1646 568 1676 15
607 1642 741 1676 elevare
775 1651 870 1674 meas
903 1650 958 1674 res

213 1694 340 1734 qestas.
367 1689 426 1732 32,
441 1694 497 1733 21,
516 1693 556 1723 12
577 1689 734 1724 elevabat
751 1687 958 1722 Romanum

215 1738 354 1772 bellum.

262 1784 465 1819 verberibus
502 1783 737 1827 eastiyatmn]
781 1782 958 1825 castigare

216 1834 259 1873 (c.
288 1836 344 1874 21,
372 1834 429 1875 17)
458 1832 561 1865 sonst
580 1832 688 1865 stets:
716 1829 785 1864 mit
804 1829 958 1863 &Vorten

214 1879 360 1921 tadeln,
396 1878 445 1912 ist
475 1877 535 1912 bei
567 1877 645 1911 Liv.
679 1889 747 1911 nur
777 1876 857 1910 hier
891 1876 959 1910 mit

217 1926 419 1960 verberibus
438 1925 667 1967 verbunden,
688 1924 782 1958 doch
802 1923 902 1958 steht
922 1934 959 1957 es

217 1973 277 2016 34,
300 1979 354 2015 15,
375 1978 396 2007 4
425 1972 463 2007 in
489 1971 701 2006 demselben
727 1971 838 2006 Sinne
864 1971 958 2005 ohne

217 2021 289 2055 den
318 2021 448 2055 Zusatz
474 2020 688 2054 verberibus.

260 2079 327 2111 per
361 2068 456 2102 iram
494 2078 536 2101 ac
570 2065 766 2111 levitatem]
802 2076 868 2109 per
898 2065 958 2099 be-

215 2115 385 2149 zeichnet
421 2114 481 2149 bei
518 2113 596 2148 Liv.
636 2113 739 2147 nicht
776 2114 868 2146 stets
901 2111 958 2146 die

217 2163 286 2196 Art
329 2161 403 2196 und
446 2161 571 2195 VVeise
616 2161 715 2194 einer
758 2159 960 2202 Handlung

219 2209 296 2253 (per
321 2210 404 2250 vim,
424 2219 492 2252 per
511 2208 657 2249 dolum),
685 2207 840 2241 sondern
861 2205 961 2240 steht

219 2258 313 2290 auch
345 2267 392 2290 an
419 2255 533 2290 Stelle
561 2254 657 2289 eines
683 2253 862 2288 kausalen
886 2252 959 2286 Ab·

218 2304 328 2338 lativs
343 2303 416 2337 und
430 2302 626 2337 miteinem
635 2301 787 2336 solchen
794 2299 959 2345 parallel.

217 2351 278 2393 27,
307 2355 360 2393 16,
388 2355 408 2384 6
431 2361 492 2385 seu
512 2360 580 2394 per
600 2359 748 2384 errorem
771 2359 831 2383 sea
850 2350 961 2382 vetere

218 2399 259 2431 in
285 2409 340 2432 eos
365 2398 475 2431 insito
501 2397 593 2431 odio.

267 2448 298 2479 9.
325 2445 485 2489 quaestio
508 2455 550 2478 ex
569 2443 746 2478 ministris
764 2441 960 2486 facinoris]

217 2491 278 2526 die
294 2491 456 2526 Sklaven
470 2491 615 2525 werden
631 2490 726 2524 nach
740 2488 961 2524 romischem

220 2539 339 2574 Recht
353 2538 404 2572 im
415 2538 589 2573 Processe
602 2548 719 2581 gegen
730 2537 808 2570 ihre
821 2536 961 2569 Her-ren

220 2598 287 2620 nur
325 2586 390 2621 anf
424 2585 489 2620 der
521 2585 647 2620 Folter
677 2584 837 2618 verhert.
893 2582 960 2616 Die

220 2633 421 2678 Folterung
456 2632 572 2666 findet
609 2631 673 2666 auf
708 2631 791 2665 dem
825 2630 962 2664 Forum

220 2683 323 2715 statt.
376 2680 442 2722 23,
483 2683 542 2723 17,
588 2684 605 2713 1
645 2679 885 2723 quaestionem
922 2677 963 2711 in

219 2729 299 2770 foro
311 2747 355 2753 -
367 2727 504 2762 habuit.
533 2726 678 2760 Ebenso
693 2725 962 2766 Exekutionen,

222 2787 302 2808 zum
329 2773 650 2809 abschreckenden
676 2772 868 2817 Beispiele.
902 2770 962 2813 22,

221 2826 282 2863 57,
316 2826 335 2856 3
372 2832 410 2856 eo
447 2832 558 2866 usque
593 2821 706 2865 virqis
744 2821 784 2854 in
821 2819 963 2854 comitio

222 2879 344 2902 caesas
381 2872 473 2911 erat,
515 2872 556 2903 ut
593 2870 687 2903 inter
724 2867 867 2902 verbera
906 2876 963 2900 ex-

219 2916 388 2959 spiraret.

958 1014 1121 1056 nullam
1170 1014 1283 1055 enim
1332 1014 1376 1055 in
1424 1014 1548 1054 terris
1599 1014 1771 1068 gentem

143 1118 146 1120 .
212 1092 324 1131 esse,
361 1077 528 1118 nullum
566 1075 833 1117 infestiorem
870 1074 1078 1129 populum
1121 1073 1286 1114 nomini
1323 1072 1531 1115 Romano.

1593 1071 1687 1113 ideo
1727 1086 1771 1113 se

1076 1214 1223 1248 libertas
1260 1212 1370 1258 data]
1409 1211 1677 1256 Belohnungen
1713 1211 1772 1245 fiir

1028 1260 1347 1295 Denunziationen
1366 1258 1569 1294 bestanden
1589 1258 1647 1293 fiir
1666 1257 1770 1292 Freie

1028 1308 1271 1353 regelmassig
1301 1307 1339 1341 in
1367 1306 1459 1341 Geld
1491 1306 1566 1340 und
1592 1316 1689 1340 zwar
1713 1305 1770 1340 bis

1029 1367 1111 1389 zum
1131 1355 1288 1399 Betrage
1315 1354 1378 1388 des
1403 1353 1539 1388 Census
1565 1353 1629 1387 der
1649 1354 1771 1387 ersten

1029 1402 1178 1444 Klasse;
1204 1402 1261 1436 fur
1282 1401 1444 1436 Sklaven
1465 1401 1504 1435 in
1523 1400 1588 1435 der
1606 1399 1772 1435 Freiheit

1030 1449 1104 1484 und
1136 1449 1398 1493 Geldpr'amien
1434 1448 1484 1481 im
1517 1448 1677 1490 Betrage
1709 1446 1771 1481 des

1031 1496 1168 1531 Census
1183 1496 1247 1530 der
1261 1495 1403 1530 vierten
1413 1494 1621 1529 od.f1'inften
1630 1494 1771 1528 Klasse.

1030 1544 1113 1589 Vgl.
1141 1543 1201 1586 32,
1228 1547 1285 1586 26,
1312 1548 1355 1577 14
1380 1544 1504 1577 vicena
1528 1542 1643 1586 quina
1667 1541 1772 1576 milia

1031 1592 1124 1626 aeris
1149 1595 1181 1626 et
1206 1591 1361 1625 libertas

1079 1655 1134 1685 10.
1149 1653 1302 1691 oratum,
1315 1650 1347 1683 si
1360 1648 1447 1694 qua]
1463 1649 1494 1682 si
1504 1647 1553 1682 ist
1565 1647 1659 1682 nach
1668 1657 1773 1682 orare

1031 1697 1290 1742 angewendet,
1316 1696 1439 1730 indem
1465 1695 1574 1730 dabei
1599 1694 1658 1729 ein
1683 1694 1770 1728 Ver-

1030 1746 1117 1779 bum
1133 1745 1197 1779 des
1208 1744 1438 1778 Versuchens
1449 1753 1494 1777 vo
1500 1741 1697 1783 rschwebt3
1712 1740 1773 1776 bei

1030 1793 1108 1827 Liv.
1135 1792 1239 1826 nicht
1259 1791 1385 1825 selten.
1425 1791 1460 1831 5,
1483 1793 1539 1832 42,
1561 1794 1578 1823 1
1601 1789 1774 1823 ostentari

1031 1840 1207 1884 quaedam
1225 1839 1394 1873 incendia
1419 1837 1568 1872 terroris
1588 1846 1716 1877 causa,
1741 1836 1774 1869 si

1032 1887 1192 1931 compelli
1203 1886 1251 1920 ad
1261 1886 1474 1920 deditionem
1482 1884 1611 1918 obsessi
1616 1885 1774 1928 possent.

1033 1935 1091 1977 10,
1119 1939 1150 1977 5,
1179 1937 1233 1968 10.

1074 1993 1258 2037 perditum
1271 1991 1382 2037 irent]
1405 2007 1448 2019 =
1463 1990 1663 2034 perderent.
1701 1988 1774 2023 Das

1033 2039 1213 2085 Supinum
1250 2039 1316 2073 auf
1349 2050 1409 2072 um
1448 2037 1517 2071 mit
1548 2037 1666 2071 einem
1700 2035 1774 2070 Ob-

1028 2086 1336 2133 jektsaccusativ,
1368 2085 1527 2119 welches
1551 2084 1612 2118 bei
1648 2082 1772 2117 Cicero

1033 2134 1151 2169 selten
1194 2134 1261 2174 ist,
1310 2132 1425 2166 findet
1468 2131 1546 2165 sich
1593 2129 1653 2164 bei
1694 2128 1772 2164 Liv.

1033 2181 1199 2216 ziemlich
1250 2180 1395 2224 h'aufig3
1444 2177 1484 2212 in
1533 2176 1775 2220 Verbindung

1032 2228 1102 2263 mit
1132 2229 1244 2262 irent:
1275 2226 1309 2269 2,
1335 2226 1368 2268 6,
1396 2230 1415 2259 3
1448 2235 1534 2259 snas
1558 2227 1686 2258 veteres
1717 2224 1774 2257 in·

1032 2276 1151 2310 turias
1183 2275 1298 2308 altam
1329 2274 1433 2307 irent.
1477 2271 1544 2314 32,
1570 2274 1631 2314 22,
1659 2274 1678 2305 6
1704 2281 1774 2305 ‘neu

1027 2323 1235 2367 pertinacia
1277 2331 1345 2355 sua
1393 2322 1526 2364 yentem
1570 2319 1775 2353 rum'versam

1027 2370 1212 2414 perditum
1237 2369 1340 2402 irent.

1084 2433 1136 2464 11.
1152 2427 1252 2472 erya]
1269 2427 1306 2461 in
1321 2425 1556 2461 feindlichem
1570 2423 1697 2465 Sinne3
1716 2422 1776 2458 ein

1035 2474 1375 2521 Sprachgebrauch‚
1395 2473 1460 2507 der
1475 2472 1514 2507 in
1527 2472 1649 2506 bester
1663 2471 1775 2505 Prosa

1034 2522 1245 2557 vermieden
1270 2521 1364 2555 nach
1390 2520 1469 2555 Liv.
1491 2518 1666 2563 Vorgang
1685 2517 1776 2551 h’au-

1035 2571 1126 2615 figer
1140 2569 1242 2604 wird.
1263 2579 1292 2603 c.
1309 2572 1364 2610 33,
1377 2571 1396 2602 9
1411 2571 1602 2602 ceterorum
1615 2565 1775 2599 omnium

1037 2618 1305 2661 Campanorum
1353 2615 1498 2649 eandem
1549 2623 1650 2656 erya
1698 2620 1775 2644 nos

1034 2666 1213 2706 animum,
1269 2673 1368 2707 quem
1420 2658 1775 2703 Carthayz'niensium

1033 2713 1155 2755 fuisse.
1205 2710 1265 2752 ⁶25,
1292 2714 1348 2752 31,
1373 2713 1396 2742 4
1419 2707 1595 2749 maleficia
1621 2724 1664 2730 —-
1689 2715 1774 2749 erya

1031 2759 1207 2804 populum
1232 2757 1277 2791 R.
1305 2767 1383 2791 esse.

1084 2821 1137 2851 12.
1170 2813 1410 2858 infestiorem]
1437 2824 1481 2847 zu
1509 2811 1640 2845 beiden
1676 2810 1776 2844 Satz-

1036 2865 1201 2910 gliedern
1241 2861 1404 2907 gehbrig.
1463 2858 1545 2903 Vgl.
1586 2869 1614 2892 c.
1656 2862 1714 2895 17.
1754 2861 1775 2892 8

1035 2914 1166 2957 aptior.
