1963 3308
167 634 209 664 10
236 623 387 664 lictum
425 620 645 676 Syracusis
684 634 788 661 esse.

233 161 291 203 64
750 159 895 194 LIBER
919 158 1048 193 XXVI.
1100 158 1201 193 CAP.
1229 161 1283 193 30.

1634 175 1658 192 a.
1678 174 1706 192 u.
1725 167 1787 193 544.

233 284 320 312 non
351 267 564 322 oppressis
597 265 873 320 Syracusanis
911 265 1084 319 tyranni
1122 279 1270 307 eorum
1299 265 1581 320 Hippocrates
1613 268 1656 308 et
1686 265 1788 320 Epi-

235 328 358 382 cydes
392 326 662 379 clausissent,
695 325 731 366 si
757 323 1179 379 Carthaginiensium
1211 324 1364 365 animis
1395 324 1556 366 bellum
1588 339 1685 367 cum
1714 339 1789 379 po-

188 398 209 428 8
236 387 335 441 pulo
374 385 569 426 Romano
607 384 861 439 gessissent,
899 383 1000 438 quid
1036 383 1151 424 ultra
1187 397 1315 437 quam
1353 383 1465 437 quod
1501 383 1667 439 fecerit,
1703 383 1788 425 nisi

189 457 209 488 9
237 448 283 486 ut
303 444 464 486 deleret
484 441 737 497 Syracusas,
762 442 902 484 facere
921 442 1137 483 hostiliter
1156 441 1405 483 Marcellum
1426 442 1645 495 potuisse?
1677 444 1789 484 certe

236 506 407 558 praeter
437 502 607 544 moenia
639 504 681 543 et
711 503 825 543 tect-a
851 500 1061 543 exhausta
1092 500 1209 542 urbis
1237 505 1279 542 et
1309 500 1494 541 refracta
1526 515 1573 542 ac
1605 502 1790 554 spoliata

237 563 362 604 deum
393 561 586 615 delubra,
618 561 681 602 dis
707 561 811 615 ipsis
842 560 1188 614 ornamentisque
1215 573 1362 601 eorum
1389 559 1561 611 ablatis,
1592 560 1701 601 nihil
1726 574 1791 601 re-

849 619 962 661 bona
1000 633 1166 673 quoque
1204 618 1349 660 multis
1388 618 1606 672 adempta,
1646 620 1707 660 ita
1743 621 1792 661 ut

236 696 289 722 ne
325 680 439 722 nudo
479 679 650 735 quidem
689 679 796 733 solo,
834 678 1025 733 reliquiis
1063 678 1254 732 direptae
1291 677 1509 731 fortunae,
1550 677 1662 718 alere
1701 692 1793 720 sese

237 755 285 782 ac
318 754 417 782 suos
449 741 639 793 possent.

699 752 822 779 orare
856 752 899 779 se
931 740 1075 791 patres
1109 737 1389 790 conscriptos,
1428 738 1476 777 ut
1509 736 1544 777 si
1581 738 1794 790 nequeant

239 799 398 849 omnia,
438 798 590 839 saltem
629 811 736 851 quae
768 797 1044 850 compareant
1082 796 1367 850 cognoscique
1404 795 1587 849 possint,
1627 795 1795 836 restitui

168 870 209 900 11
239 857 421 899 dominis
453 856 641 897 iubeant.
691 855 796 896 talia
821 858 1076 908 conquestos
1109 869 1203 896 cum
1230 854 1427 896 excedere
1455 869 1505 896 ex
1536 854 1717 908 templo,
1749 856 1796 895 ut

239 917 288 958 de
320 915 550 970 postulatis
577 929 725 956 eorum
757 916 901 968 patres
928 913 1094 955 consuli
1125 917 1320 967 possent,
1346 913 1556 954 Laevinus
1589 913 1797 966 iussisset,

170 988 210 1018 12
240 974 484 1029 ‘maneantj
516 974 657 1028 inquit
676 973 922 1026 Marcellus,
956 972 1018 1013 eut
1044 986 1189 1014 coram
1217 972 1267 1013 iis
1294 972 1593 1026 respondeam,
1626 972 1794 1026 quando

239 1049 289 1076 ea
321 1033 567 1076 condicione
605 1047 683 1087 pro
722 1032 858 1085 vobis,
897 1033 1040 1086 patres
1073 1031 1321 1084 conscripti,
1358 1031 1469 1072 bella
1507 1031 1712 1085 gerimus,
1749 1033 1798 1072 ut

238 1094 376 1135 victos
421 1092 551 1135 armis
596 1094 863 1133 accusatores
907 1091 1160 1144 habeamus,
1211 1090 1318 1131 duae
1363 1093 1512 1143 captae
1556 1089 1636 1131 hoc
1683 1104 1794 1131 anno

239 1153 384 1207 urbes,
423 1151 571 1206 Capua
603 1150 802 1192 Fulvium
842 1165 978 1203 reum,
1019 1148 1268 1191 Marcellum
1307 1147 1545 1203 Syracusae
1584 1148 1797 1190 habeant'.

240 1280 396 1316 handelt
406 1279 537 1315 hatte?
557 1279 627 1314 Ein
638 1278 879 1324 eigentlicher
887 1278 913 1312 F
917 1278 984 1313 rei-

241 1330 340 1363 staat
375 1339 452 1362 war
484 1327 653 1361 dasselbe
690 1326 777 1361 aber
810 1325 985 1360 wahrend

238 1375 344 1421 jener
380 1386 523 1420 ganzen
559 1373 639 1408 Zeit
668 1373 772 1408 nicht
801 1384 984 1418 gewesen.

292 1434 647 1478 Carthayiniensium
678 1432 834 1478 animis]
866 1434 984 1466 meta-

242 1482 419 1526 phorisch
462 1481 522 1515 fiir
560 1480 631 1515 den
667 1480 849 1515 hochsten
886 1479 985 1514 Grad

243 1540 315 1564 von
340 1528 592 1563 Feindschaft.
630 1539 660 1562 c.
687 1531 750 1569 33,
780 1531 800 1561 9
827 1527 984 1561 omnium

246 1576 514 1621 Campanorum
538 1576 685 1610 eundem
712 1586 795 1619 erya
816 1585 880 1609 nos
905 1575 986 1608 aui·

243 1635 341 1658 mum
364 1635 465 1668 quem
482 1623 835 1668 Ca1·tha9inie›zsiwn
862 1622 985 1664 fuisse.

292 1686 324 1718 8.
362 1683 462 1717 ultra
508 1681 636 1727 quam]
683 1681 774 1716 fiber
811 1680 876 1715 das
915 1680 986 1715 Ge-

247 1730 429 1765 schehene
454 1729 604 1772 hinaus,
637 1729 803 1774 dagegen
826 1731 986 1772 praeter-

245 1789 352 1822 quam
364 1777 476 1821 quod:
487 1775 609 1811 ausser
621 1776 703 1811 dem
714 1775 986 1817 Geschehenen,

245 1837 289 1859 zu
309 1824 392 1859 dem
413 1823 676 1858 Geschehenen
694 1823 814 1858 hinzu.
849 1822 910 1864 28,
931 1826 986 1863 39,

247 1877 266 1906 2
282 1872 375 1906 nihil
387 1871 487 1906 ultra
500 1871 675 1906 malorum
691 1875 751 1913 est,
770 1881 874 1914 quam
894 1870 989 1914 quod

244 1920 346 1964 passi
369 1929 501 1954 smnus

294 1983 325 2013 9.
352 1981 443 2013 tecta
468 1977 660 2022 exhausta]
691 1976 760 2011 mit
784 1976 990 2010 Rficksicht

247 2026 312 2060 auf
346 2026 405 2060 die
444 2036 509 2060 aus
548 2023 748 2059 denselben
785 2023 989 2069 geraubten

247 2071 528 2118 Gegenstande3
580 2071 741 2106 dieselbe
792 2070 990 2114 Wendnng

247 2119 466 2154 wiederholt
490 2119 549 2153 bei
564 2118 856 2161 Pliinderungen.
884 2117 917 2160 5,
933 2122 989 2160 41,

251 2171 293 2201 10
313 2167 431 2211 diripi
449 2169 552 2208 tecta,
566 2166 749 2200 exhaustis
768 2166 859 2199 im'ei
878 2166 988 2208 ignes.

249 2214 309 2254 10,
348 2218 404 2256 44,
443 2217 463 2247 2
501 2214 685 2248 eoehaustis
722 2212 850 2246 deinde
892 2212 991 2246 tectis

249 2263 366 2306 iynem
390 2261 525 2295 iniecit.

297 2309 354 2343 dis
372 2307 479 2354 ipsis]
501 2307 560 2342 die
576 2306 828 2342 Gotterbilder
843 2305 991 2340 werden

250 2355 353 2390 nicht
373 2355 492 2390 selten
511 2354 581 2389 mit
599 2354 669 2389 den
684 2353 838 2388 Gottern
858 2352 990 2387 identi-

250 2403 368 2437 ficiert
386 2402 462 2436 und
480 2401 664 2446 geradezu
682 2401 737 2436 dii
755 2401 929 2445 genannt.
956 2399 990 2442 3,

254 2454 308 2493 17,
323 2453 343 2483 3
369 2450 450 2484 deos
470 2450 514 2484 ab
540 2448 700 2483 hostibus
722 2451 855 2492 captos.
881 2447 915 2490 5,
934 2450 990 2489 22,

253 2501 285 2532 3.
315 2496 375 2540 38,
402 2500 459 2540 43,
487 2500 506 2531 6
538 2496 735 2531 simulacra
761 2494 882 2536 deum,
913 2494 993 2529 deos

253 2546 359 2579 immo
378 2544 476 2588 ipsos
490 2543 677 2578 convulsos
691 2553 733 2577 σου
745 2541 887 2576 sedibus
905 2542 990 2575 suis.

303 2606 356 2637 10.
371 2602 465 2637 bona
484 2612 621 2646 quoque
636 2628 759 2636 ......
776 2601 942 2644 adempta
962 2603 993 2633 et

252 2662 283 2695 q.
309 2650 354 2695 8.]
381 2660 443 2693 „es
475 2649 527 2683 sei
553 2648 674 2683 vielen
709 2648 773 2683 der
797 2648 919 2682 Besitz
945 2657 993 2681 an

255 2696 383 2732 Grund
413 2696 488 2731 und
519 2696 643 2731 Boden
675 2705 912 2740 genommen,
953 2704 992 2728 so

254 2744 334 2779 dass
359 2743 412 2779 sie
438 2743 541 2778 nicht
565 2743 702 2778 einmal
733 2741 799 2776 auf
820 2741 992 2776 nacktem

254 2791 392 2835 Boden,
411 2790 480 2825 mit
493 2791 578 2825 dem
592 2801 667 2825 was
682 2789 741 2824 die
754 2788 993 2832 Ph‘inderung

254 2838 368 2873 ihnen
392 2838 501 2882 iibrig
526 2838 695 2882 gelassen
718 2837 898 2881 (reliquiis
922 2836 993 2870 dir.

255 2885 356 2927 fort.)
380 2885 439 2920 ihr
452 2885 577 2920 Leben
601 2885 731 2919 fristen
751 2882 932 2918 konnen“.
950 2902 992 2906 —-

257 2932 349 2966 bona
382 2933 553 2974 adimere,
596 2942 701 2976 ayros
733 2931 790 2965 ad.
824 2928 993 2965 officielle

1057 1277 1269 1312 Ausdru'cke
1308 1277 1366 1311 fiir
1403 1275 1625 1319 „Einziehen
1662 1275 1697 1312 d.
1733 1275 1798 1311 G.“

1057 1325 1118 1367 31,
1145 1329 1201 1367 31,
1229 1329 1271 1358 15
1298 1325 1420 1359 ceteris
1445 1325 1500 1358 ita
1524 1324 1716 1368 oppidum,
1745 1324 1800 1358 ita

1058 1383 1163 1416 αρν-οε
1183 1372 1389 1406 ademimus.
1416 1372 1514 1406 'hudo
1533 1372 1606 1406 solo
1628 1371 1677 1405 ist
1697 1370 1800 1405 loka—

1057 1420 1127 1462 ler,
1145 1419 1308 1463 reliquiis
1321 1418 1623 1454 instrumentaler
1635 1417 1797 1453 Ablativ.

1104 1465 1350 1511 compareant]
1378 1464 1612 1510 gewohnlich
1632 1477 1705 1500 von
1730 1465 1801 1500 sol-

1059 1514 1152 1549 chen
1178 1513 1321 1558 Dingen
1346 1515 1495 1558 gesagt,
1529 1512 1586 1547 die
1619 1512 1800 1547 nachdem

1058 1561 1228 1603 anderes,
1255 1561 1320 1595 das
1347 1560 1416 1594 mit
1440 1559 1552 1594 ihnen
1576 1560 1627 1594 im
1652 1560 1801 1594 Zusam-

1058 1608 1264 1652 menhange
1281 1607 1401 1650 stand,
1422 1607 1590 1642 verloren
1606 1617 1800 1652 gegangen

1058 1656 1116 1697 ist,
1145 1656 1258 1690 noch
1282 1654 1495 1689 vorhanden
1514 1654 1606 1689 sind.
1632 1653 1693 1698 25,
1707 1657 1763 1693 40,
1780 1657 1799 1688 3

1058 1713 1209 1747 quorum
1241 1703 1443 1746 perexiyua
1482 1712 1573 1745 pars
1611 1704 1799 1745 comparet.

1059 1750 1119 1792 27,
1146 1753 1202 1792 24,
1229 1753 1249 1783 8
1275 1749 1494 1794 neyamz'bus
1516 1749 1564 1783 iis
1589 1758 1800 1792 comparere.

1060 1809 1088 1831 c.
1118 1801 1172 1839 26,
1200 1800 1244 1831 14
1275 1797 1397 1831 omnia
1423 1797 1681 1840 comparuisse,
1711 1805 1803 1839 quae

1061 1845 1231 1879 adsolent.
1259 1843 1318 1885 29,
1340 1847 1395 1886 21,
1417 1848 1447 1878 6.
1475 1843 1535 1886 30,
1555 1847 1610 1885 37,
1631 1847 1669 1877 11
1689 1846 1722 1876 u.'
1737 1841 1801 1878 oft.

1107 1891 1352 1936 eoyiioseique]
1382 1891 1462 1925 eine
1494 1890 1554 1925 bei
1580 1889 1802 1924 Revindika-

1060 1939 1140 1973 tion
1176 1950 1248 1974 von
1280 1939 1395 1973 Beute
1427 1937 1531 1972 nicht
1563 1937 1703 1972 seltene
1735 1936 1804 1971 Be-

1062 1986 1272 2030 stimmung.
1323 1985 1383 2029 24,
1412 1989 1466 2028 16,
1493 1989 1512 2018 5
1547 1988 1579 2020 et
1607 1995 1717 2028 pecus
1745 1994 1803 2018 εω-

1061 2037 1198 2078 ceptum
1219 2038 1285 2076 est,
1311 2033 1406 2077 quod
1425 2033 1524 2066 intra
1550 2033 1625 2067 dies
1651 2032 1804 2076 triyinta

1062 2081 1200 2116 domini
1225 2081 1479 2125 coyuovissent.

1113 2133 1164 2162 11.
1192 2128 1355 2162 eaecedere
1373 2138 1416 2161 ea:
1436 2126 1577 2170 templo]
1607 2124 1724 2159 damit
1743 2123 1802 2158 die

1064 2174 1267 2210 Senatoren
1292 2174 1330 2208 in
1352 2173 1457 2208 ihren
1475 2173 1711 2216 Beratungen
1736 2183 1802 2205 un-

1062 2223 1205 2266 gestort
1241 2224 1381 2261 waren,
1422 2219 1581 2254 mussten
1617 2217 1804 2254 Gesandte

1063 2281 1097 2304 u.
1131 2281 1156 2303 s.
1190 2280 1233 2303 W.
1273 2267 1369 2302 nach
1400 2267 1560 2311 Vortrag
1596 2264 1693 2300 ihre's
1729 2267 1804 2300 An-

1063 2316 1204 2360 liegens
1231 2313 1466 2359 regelmassig
1491 2313 1550 2348 die
1575 2312 1680 2347 Curie
1706 2314 1803 2355 (tem-

1057 2364 1178 2407 plum)
1203 2362 1398 2397 verlassen.
1436 2373 1465 2396 c.
1493 2365 1548 2405 33,
1575 2364 1597 2394 4
1621 2360 1806 2395 summotis

1063 2410 1190 2445 deinde
1215 2421 1232 2444 e
1257 2410 1394 2453 templo.

1113 2461 1164 2491 12.
1204 2456 1365 2502 quando]
1406 2455 1464 2489 fiir
1505 2455 1805 2499 quandoquidem,

1064 2504 1222 2539 welches
1242 2503 1281 2537 in
1301 2505 1416 2538 erster
1430 2502 1582 2537 Dekade
1602 2501 1804 2544 bisweilen,

1063 2552 1102 2585 in
1140 2551 1210 2586 den
1248 2550 1447 2595 folgenden
1486 2561 1554 2583 nur
1593 2548 1804 2583 ausnahms-

1064 2598 1172 2633 weise
1206 2597 1398 2632 erscheint.
1435 2608 1463 2631 c.
1493 2601 1547 2638 15,
1575 2600 1627 2629 14.
1659 2594 1804 2638 quando

1065 2646 1234 2690 dagegen
1259 2645 1309 2679 ist
1333 2644 1458 2688 haufig
1483 2655 1512 2678 c.
1536 2646 1592 2684 50,
1615 2645 1666 2676 12.
1694 2640 1754 2683 22,
1771 2644 1804 2683 8,

1066 2697 1095 2727 7.
1135 2692 1194 2734 24,
1220 2697 1252 2735 3,
1281 2696 1334 2726 13.
1379 2691 1439 2733 25,
1467 2694 1521 2733 16,
1550 2693 1589 2722 11
1623 2700 1657 2722 u.
1689 2691 1744 2732 32,
1770 2692 1802 2722 2.

1065 2740 1130 2782 28,
1166 2744 1225 2782 15,
1259 2742 1300 2773 13
1334 2750 1367 2772 u.
1401 2749 1427 2772 s.
1461 2749 1504 2771 W.
1543 2736 1596 2770 oft
1634 2735 1730 2769 auch
1766 2734 1805 2769 in

1068 2792 1097 2822 1.
1124 2785 1286 2821 Dekade.

1112 2834 1205 2868 duae
1218 2830 1359 2875 captae]
1376 2830 1434 2864 die
1448 2829 1672 2874 Gegens‘atze
1687 2839 1803 2864 accus.

1065 2881 1257 2915 habeamus
1276 2898 1319 2903 —
1340 2889 1440 2912 reum
1463 2897 1506 2901 --
1531 2877 1705 2920 habeant,
1730 2877 1806 2910 und

1067 2927 1129 2961 der
1144 2925 1334 2960 Chiasmus
1351 2924 1479 2968 Capua
1499 2923 1673 2959 Fulvium
1701 2923 1805 2958 Mar-
