1963 3308
94 197 98 200 ⁴
139 181 169 200 a.
194 173 259 200 Chr.
281 181 308 199 n.
331 174 392 199 210.

620 163 764 198 LIBER
788 162 917 198 XXVI.
969 162 1069 199 CAP.
1097 166 1152 198 41.
1179 165 1234 197 42.

1653 161 1706 201 91

142 274 335 314 nostram
368 271 495 313 fidem
527 285 602 326 per
633 271 801 327 legatos
834 271 1085 325 implorant,
1123 273 1210 312 tres
1243 270 1369 311 duces
1402 269 1708 324 discordantes

139 345 274 386 prope
300 332 348 371 ut
372 329 606 372 defecerint
626 331 699 372 alii
726 330 779 371 ab
804 330 913 384 aliis,
939 330 1152 371 trifariam
1180 328 1412 370 exercitum
1438 328 1483 369 in
1509 327 1708 370 diversis-

144 390 274 431 simas
302 389 500 444 regiones
529 389 780 431 distraxere:
815 388 961 430 eadem
988 389 1032 430 in
1058 389 1155 429 illos
1182 387 1347 442 ingruit
1373 386 1565 440 fortuna,
1598 401 1707 442 quae
1736 397 1776 428 21

140 462 278 502 nuper
309 463 388 490 nos
423 448 608 502 adflixit,
646 463 746 489 nam
779 450 821 488 et
859 447 1113 489 deseruntur
1145 447 1199 488 ab
1233 446 1381 499 sociis,
1422 449 1470 487 ut
1500 446 1619 500 prius
1653 446 1707 488 ab

143 504 370 548 Celtiberis
396 521 492 561 nos,
519 510 560 549 et
586 482 787 548 diduxere
814 506 1042 559 exercitus,
1069 519 1177 559 quae
1204 505 1318 559 patri
1344 507 1583 571 patruoque
1610 520 1705 547 meo

141 579 271 607 causa
310 566 429 607 exitii
466 566 560 606 fuit.

143 625 268 678 sinet,
292 639 428 679 neque
450 624 607 678 singuli
628 623 753 664 nobis
774 622 973 663 resistere
1000 623 1216 676 poterunt.
1266 636 1342 662 vos
1364 621 1505 672 modo,
1532 623 1706 677 milites,

141 683 283 724 favete
314 683 478 725 nomini
505 681 768 735 Scipionum,
802 680 941 722 suboli
973 681 1282 734 imperatorum
1315 682 1556 721 vestrorum
1589 681 1706 723 velut

143 742 292 783 accisis
336 741 589 783 recrescenti
635 739 856 794 stirpibus.

927 739 1041 794 agite
1049 772 1059 793 ,

1112 739 1272 780 milites
1317 740 1482 780 veteres
1491 772 1501 792 ,
1545 753 1705 781 novum

142 800 373 842 exercitum
412 813 654 853 novumque
695 798 845 839 ducem
883 798 1096 839 traducite
1136 797 1363 848 Hiberum,
1407 797 1618 840 traducite
1660 799 1707 839 in

140 861 276 900 terras
322 872 417 900 cum
462 858 609 898 multis
654 856 838 898 fortibus
884 857 1009 898 factis
1050 871 1177 910 saepe
1217 871 1241 898 a
1279 856 1400 898 vobis
1441 861 1707 912 peragratas.

140 917 261 959 brevi
291 916 449 958 faciam
480 919 548 969 ut,
579 930 706 970 quem
739 916 792 957 ad
824 915 998 957 modum
1029 916 1257 957 noscitatis
1290 916 1334 957 in
1361 930 1428 957 me
1461 917 1598 970 patris
1631 931 1704 971 pa·
1731 924 1777 955 24

140 976 311 1030 truique
357 975 680 1016 similitudinem
720 975 805 1017 oris
844 975 1071 1029 vultusque
1117 977 1159 1015 et
1202 974 1464 1015 lineamenta
1503 975 1705 1030 corporis,

139 1034 201 1076 ita
232 1034 394 1089 ingenii
427 1034 527 1075 fidei
552 1034 809 1089 virtutisque
837 1033 1024 1088 effigiem
1049 1033 1171 1075 vobis
1198 1033 1391 1086 reddam,
1423 1035 1470 1074 ut
1502 1033 1706 1076 revixisse
1732 1042 1776 1073 25

142 1096 216 1135 aut
247 1095 445 1135 renatum
479 1093 560 1134 sibi
593 1093 771 1148 quisque
805 1091 1051 1146 Scipionem
1083 1092 1388 1146 imperatorem
1422 1091 1561 1133 dicat?

258 1151 352 1193 Hac
386 1152 580 1194 oratione
614 1151 803 1193 accensis
842 1151 1028 1192 militum
1061 1151 1234 1205 animis,
1271 1151 1419 1192 relicto
1454 1150 1506 1192 ad
1544 1152 1706 1206 praesi-
1720 1150 1777 1191 42

142 1210 258 1252 dium
297 1211 485 1266 regionis
524 1211 612 1252 eius
644 1209 701 1261 M.
734 1209 879 1251 Silano
915 1224 1012 1267 cum
1049 1210 1188 1251 tribus
1227 1209 1400 1251 milibus
1440 1209 1631 1264 peditum
1664 1213 1706 1251 et

139 1269 344 1311 trecentis
372 1270 596 1323 equitibus,
623 1272 784 1311 ceteras
811 1283 958 1310 omnes
986 1269 1132 1323 copias
1155 1293 1208 1297 ——
1231 1271 1352 1310 erant
1379 1270 1522 1310 autem
1550 1269 1706 1324 viginti

141 1328 325 1382 quinque
353 1328 473 1369 milia
498 1328 706 1382 peditum,
731 1328 814 1369 duo
842 1327 961 1368 milia
988 1327 1211 1382 quingenti
1239 1327 1402 1382 equites
1422 1351 1469 1356 —
1492 1327 1706 1369 Hiberum

139 1387 319 1429 traiecit.
371 1387 433 1428 ibi
466 1387 720 1441 quibusdam
753 1385 1050 1440 suadentibus,
1082 1389 1146 1440 ut,
1180 1386 1385 1440 quoniam
1418 1387 1464 1427 in
1496 1390 1582 1428 tres
1615 1389 1706 1428 tam

140 1445 328 1487 diversas
360 1446 556 1500 regiones
590 1445 888 1487 discessissent
913 1445 1064 1486 Punici
1097 1445 1326 1499 exercitus,
1358 1445 1600 1500 proximum
1633 1445 1704 1487 ad-

137 1504 402 1560 grederetur,
434 1505 669 1559 periculum
703 1519 795 1546 esse
827 1507 965 1559 ratus,
998 1519 1050 1545 ne
1085 1518 1133 1545 eo
1167 1503 1281 1545 facto
1314 1504 1359 1545 in
1390 1519 1523 1545 unum
1557 1519 1705 1547 omnes

137 1563 428 1614 contraheret,
467 1578 544 1605 nec
583 1578 661 1617 par
693 1566 807 1605 esset
838 1578 948 1604 unus
988 1566 1055 1604 tot
1087 1563 1359 1616 exercitibus,
1400 1561 1707 1618 Carthaginem

136 1701 282 1747 teilung
317 1701 436 1737 seiner
474 1702 699 1737 fehlerlosen
731 1702 886 1737 Berech-

138 1760 241 1793 nung
254 1760 326 1783 von
341 1749 406 1783 der
414 1749 514 1794 Lage
527 1748 747 1784 derFeinde.
770 1750 811 1783 In
824 1749 886 1783 be·

136 1795 225 1830 treff
238 1795 431 1830 derselben
444 1796 547 1830 stellt
559 1807 597 1830 er
607 1796 679 1831 fest
692 1799 724 1840 1)
734 1796 804 1831 den
814 1796 886 1830 Ab·

139 1842 208 1876 fall
222 1842 286 1877 der
298 1842 638 1887 Bundesgenossen,
654 1845 689 1887 2)
701 1843 760 1878 die
773 1843 886 1877 Zwie-

139 1889 265 1923 tracht
279 1889 343 1923 der
351 1889 501 1924 Ffihrer.
530 1892 604 1924 Aus
617 1890 743 1924 diesen
754 1890 888 1925 beiden

138 1936 352 1971 Momenten
373 1937 473 1971 zieht
492 1940 511 1978 ξ
527 1940 569 1972 21
592 1937 651 1971 die
667 1937 827 1972 Summe.
844 1957 886 1962 -—

138 1983 301 2018 Beachte
333 1983 391 2018 die
421 1983 597 2029 Haufung
629 1984 694 2018 der
724 1984 886 2029 Begriffe

138 2030 204 2064 der
231 2030 446 2074 Trennung,
476 2031 723 2066 discordantes
750 2052 791 2056 ——
819 2032 887 2065 alii

139 2077 184 2111 ab
212 2078 297 2112 aliis
318 2098 359 2101 —
382 2078 567 2120 trifariam
590 2098 633 2103 —
658 2079 820 2113 diversus
842 2099 885 2103 —-

138 2124 351 2159 distraaeere.

187 2171 255 2206 alii
294 2172 338 2206 ab
378 2171 478 2216 aliis]
520 2172 584 2206 der
621 2173 764 2215 Plural,
803 2173 888 2207 weil

138 2217 261 2253 hinter
289 2218 414 2263 jedem
450 2219 515 2253 der
541 2219 620 2254 drei
644 2220 784 2254 Ffihrer
809 2220 888 2254 sein

140 2264 238 2299 Heer
263 2277 307 2299 zu
333 2265 478 2300 denken
498 2265 556 2300 ist.
596 2266 680 2312 Vgl.
702 2270 720 2308 ξ
742 2270 762 2300 8
785 2279 818 2301 u.
843 2271 883 2301 17

142 2312 249 2346 aliud
272 2322 380 2355 super
405 2313 519 2347 aliud.

187 2368 301 2402 prope
325 2358 381 2403 ut]
410 2375 454 2387 =
480 2363 521 2393 ut
540 2370 667 2404 prope,
693 2360 805 2395 sowie
825 2361 887 2395 via:

144 2408 184 2439 ut
220 2405 347 2449 h'aufig
383 2407 474 2440 statt
510 2410 550 2440 ut
584 2408 657 2442 vix.
696 2407 757 2451 40,
783 2410 815 2449 8,
846 2411 888 2441 14

139 2461 257 2496 prope
280 2455 321 2485 ut
340 2453 493 2496 puderet
517 2454 608 2497 reyii
633 2455 802 2489 nominis.

191 2502 246 2533 21.
288 2499 446 2544 inyruit]
482 2500 699 2544 Asyndeton
735 2512 888 2536 s·-umma

141 2546 278 2586 tivum;
310 2545 375 2579 das
402 2545 556 2580 Pr'asens
589 2546 692 2581 stellt
723 2548 794 2582 den
823 2548 889 2582 Er·

143 2591 223 2636 folg
242 2572 296 2626 als
325 2591 453 2635 gewiss
480 2592 553 2626 hin.
593 2593 645 2627 Zu
663 2605 746 2638 inyi
750 2605 794 2629 uo
815 2595 887 2639 vgl.

145 2642 262 2679 c.25,
292 2642 344 2673 10.

194 2689 250 2720 22.
287 2685 446 2730 suboles]
486 2686 554 2720 wie
594 2696 784 2731 proyemes
818 2697 890 2721 von

146 2731 273 2767 einer
293 2732 430 2767 Person
456 2732 629 2768 meistens
655 2733 889 2768 dichterisch.

144 2777 207 2821 40,
246 2783 278 2822 6,
313 2783 335 2813 4
371 2780 556 2822 fortunati
591 2781 710 2824 pat-ris
748 2784 892 2815 matura

144 2806 295 2861 suboles.

195 2873 289 2907 velut
302 2873 432 2908 accisis
446 2877 691 2909 recrescentem
698 2875 790 2918 stirp
796 2874 890 2918 ibus]

150 2917 253 2953 ‘dem
272 2918 434 2954 frischen
447 2919 534 2955 Reis
554 2932 618 2956 aus
636 2921 749 2956 sehon
763 2919 892 2965 gefall-

958 1703 1035 1736 tem
1051 1701 1244 1745 Stamme’,
1266 1702 1325 1737 ein
1348 1702 1409 1737 bei
1426 1702 1504 1738 Liv.
1525 1702 1707 1737 beliebtes

959 1749 1054 1784 Bild.
1081 1749 1140 1791 24,
1167 1754 1230 1792 45,
1264 1753 1284 1783 3
1311 1751 1484 1794 quoniam
1508 1761 1564 1784 res
1589 1750 1634 1785 B.
1663 1769 1707 1775 —

960 1797 1054 1831 velut
1074 1807 1258 1841 resuryere
1277 1797 1322 1831 ab
1336 1797 1513 1840 stirpibus
1526 1798 1705 1832 videatur.

959 1843 996 1886 6,
1008 1848 1022 1877 1
1031 1872 1039 1886 ,
1048 1847 1067 1878 3
1080 1844 1175 1878 velut
1188 1844 1232 1878 ab
1247 1844 1424 1887 stirpibus
1434 1848 1581 1878 renatae
1591 1844 1704 1879 urbis.

1009 1894 1064 1924 24.
1073 1890 1276 1934 noscitatis]
1286 1890 1323 1924 in
1332 1891 1397 1924 der
1405 1891 1543 1925 dritten
1553 1890 1706 1926 Dekadc

960 1949 1029 1971 nur
1054 1937 1135 1972 hier
1160 1937 1236 1971 und
1262 1937 1321 1980 22,
1349 1941 1382 1981 6,
1408 1942 1428 1971 3
1455 1938 1550 1980 facie
1571 1948 1708 1982 quoque

959 1985 1144 2018 noscitans
1170 1985 1368 2025 considera,-
1395 1984 1562 2029 haufiger
1581 1985 1619 2019 in
1642 1985 1708 2019 der

961 2033 1092 2066 ersten.

1007 2078 1282 2113 similitudinem
1308 2079 1382 2113 oris
1407 2078 1612 2123 vultusque]
1633 2079 1708 2113 oris

961 2142 1005 2154 =
1031 2125 1094 2160 des
1127 2124 1335 2170 Gesichtes,
1367 2126 1505 2160 vultus:
1542 2125 1604 2160 des
1638 2125 1708 2160 Ge-

961 2172 1312 2208 sichtsausdruckeS.
1351 2172 1435 2218 Vgl.
1456 2172 1515 2214 21,
1531 2176 1564 2216 4,
1579 2177 1599 2206 2
1621 2183 1707 2207 vom

960 2219 1165 2253 Hannibal:
1186 2219 1435 2255 Hamilcarem
1451 2220 1612 2254 iuvenem
1630 2220 1708 2254 red-

958 2267 1076 2301 ditum
1112 2267 1184 2301 sibi
1219 2271 1348 2301 veteres
1383 2267 1512 2301 milites
1549 2267 1709 2308 eredere,-

960 2314 1110 2348 eundem
1135 2314 1291 2357 viyorem
1316 2315 1357 2348 in
1383 2314 1486 2348 vultu
1504 2314 1645 2357 vimque
1666 2314 1708 2348 in

960 2361 1091 2403 oculis,
1123 2361 1283 2395 habitum
1319 2362 1393 2396 oris
1424 2361 1709 2405 lineamentaque

960 2408 1108 2442 intueri.

1009 2466 1038 2489 c.
1065 2453 1126 2498 42,
1153 2458 1185 2488 2.
1212 2465 1275 2488 nee
1294 2465 1369 2498 par
1395 2454 1504 2499 esset]
1536 2453 1603 2489 Bei
1628 2454 1707 2488 Liv.

960 2501 1108 2535 werden
1145 2501 1376 2536 namentlich
1407 2500 1599 2536 Absichts-
1634 2501 1710 2535 und

963 2548 1231 2591 Befehlssatze,
1276 2559 1323 2582 an
1366 2547 1425 2583 die
1464 2548 1524 2583 ein
1561 2547 1708 2582 zweites

963 2594 1126 2639 negirtes
1154 2594 1263 2629 Glied
1285 2594 1365 2629 sich
1385 2594 1614 2637 anschliesst,
1640 2594 1709 2629 mit

962 2651 1026 2675 nee
1061 2641 1296 2686 fortgesetzt‚
1334 2653 1442 2676 wenn
1473 2641 1572 2676 diese
1604 2641 1710 2676 Fort-

964 2688 1119 2732 setzung
1156 2700 1224 2721 nur
1255 2688 1336 2722 eine
1367 2688 1516 2722 weitere
1549 2687 1708 2721 Ausft’ih-

964 2744 1060 2777 rung
1092 2735 1157 2768 der
1182 2736 1305 2768 ersten
1332 2734 1536 2768 Satzhalfte
1561 2734 1620 2769 ist.
1647 2733 1707 2778 25,

965 2784 998 2822 9,
1024 2783 1056 2813 4.
1084 2780 1117 2822 1,
1144 2784 1176 2823 2,
1203 2784 1225 2814 4
1250 2792 1283 2816 u.
1312 2781 1376 2815 oft.

1014 2826 1270 2871 Gartliaqinem
1292 2827 1438 2872 novam]
1459 2826 1539 2862 Liv.
1559 2827 1651 2863 liebt
1671 2839 1708 2863 es

965 2884 1071 2915 zwar,
1097 2873 1159 2908 bei
1186 2874 1419 2919 Ortsnamen,
1445 2874 1504 2909 die
1530 2884 1595 2909 aus
1617 2874 1707 2910 Sub-

965 2920 1102 2955 stantiv
1127 2920 1202 2955 und
1225 2920 1402 2966 Adjektiv
1428 2921 1616 2965 bestehen,
1643 2922 1709 2957 das

623 579 700 606 ΠΕΟ
739 563 952 606 discordia
989 564 1196 604 insseSffiHa
1233 563 1347 604 COil‘e
1380 577 1451 604 GOS
1490 578 1536 604 ln
1574 578 1706 605 unUm
1735 573 1777 604 22

1732 749 1776 780 23

1733 1395 1752 1426 to
