1963 3308
265 111 320 152 14
764 110 909 145 LIBER
934 110 1064 146 XXVI.
1115 110 1217 146 OAP.
1246 115 1275 146 τ.

1657 128 1682 146 a.
1705 128 1734 146 u.
1753 120 1817 146 543.

264 233 363 261 suos
393 232 559 273 quoque
587 218 848 258 commeatus
874 216 1208 257 intercluderent
1232 218 1332 258 novi
1353 218 1565 271 consules,
1591 218 1818 260 abscedere

216 288 236 319 3
263 277 385 319 irrito
417 278 587 329 incepto
620 276 663 315 et
692 288 864 316 movere
897 288 922 314 a
942 274 1088 328 Capua
1120 275 1272 315 statuit
1296 278 1449 317 castra.
1496 277 1632 318 multa
1664 291 1818 330 secum,

262 349 449 389 quonam
491 333 588 374 inde
630 333 693 373 ire
736 335 952 387 pergeret,
995 333 1186 375 volventi
1230 334 1361 374 subiit
1401 334 1591 376 animum
1633 335 1818 389 impetus

262 395 389 446 caput
425 392 568 445 ipsum
606 391 709 432 belli
740 391 923 432 Romam
960 391 1148 445 petendi,
1190 392 1310 432 cuius
1351 392 1413 433 rei
1453 406 1616 447 semper
1649 394 1817 448 cupitae

260 450 607 505 praetermissam
650 450 920 491 occasionem
970 453 1068 504 post
1111 449 1378 492 Cannensem
1426 464 1614 505 pugnam
1657 455 1700 493 et
1744 452 1819 493 alii

214 520 236 550 4
261 509 390 563 vulgo
428 508 668 549 fremebant
699 511 742 549 et
772 509 863 562 ipse
895 523 982 550 non
1017 508 1332 550 dissimulabat:
1369 509 1623 562 necopinato
1659 525 1817 563 pavore

262 582 310 609 ac
341 567 528 608 tumultu
559 581 646 608 non
672 580 764 608 esse
796 567 1105 621 desperandum
1139 567 1325 621 aliquam
1356 570 1523 621 partem
1554 568 1671 609 urbis
1697 583 1817 611 occu-

214 637 233 667 5
261 626 356 680 pari
386 639 529 679 posse,
563 628 622 676 et,
655 625 691 667 si
715 625 856 667 Roma
885 627 930 666 in
955 626 1200 667 discrimine
1226 628 1355 680 esset,
1388 625 1578 680 Capuam
1606 627 1817 681 extemplo

261 685 494 726 omissuros
528 687 602 725 aut
633 684 758 725 ambo
790 684 1070 738 imperatores
1101 683 1321 726 Romanos
1354 687 1427 726 aut
1459 684 1641 726 alterum
1673 699 1724 725 ex
1754 685 1819 739 iis,

261 745 304 783 et
335 743 371 783 si
403 742 649 783 divisissent
679 743 842 796 copias,
874 747 1099 797 utrumque
1131 744 1407 785 infirmiorem
1438 743 1602 785 factum
1634 745 1709 784 aut
1737 743 1821 784 sibi

214 812 234 842 6
262 804 337 842 aut
367 800 597 854 Campanis
628 801 737 842 bene
775 801 985 855 gerendae
1016 802 1078 842 rei
1115 801 1334 843 fortunam
1367 802 1541 843 daturos
1574 816 1675 843 esse.
1736 816 1821 843 una

261 873 311 900 ea
354 874 455 900 cura
499 859 700 913 angebat,
744 873 815 913 ne,
858 859 933 900 ubi
978 859 1272 913 abscessisset,
1316 861 1528 915 extemplo
1567 860 1820 901 dederentur

260 917 483 971 Campani.
543 917 778 959 Numidam
809 920 1056 972 promptum
1089 918 1141 960 ad
1174 919 1319 960 omnia
1355 921 1511 973 ayenda
1542 918 1819 973 audendaque

261 976 383 1018 donis
417 976 601 1030 perlicit,
633 978 681 1016 ut
712 977 866 1017 litteris
900 977 1084 1030 acceptis
1118 977 1256 1031 specie
1288 978 1535 1032 transfugae
1567 980 1710 1019 castra
1733 976 1819 1018 Ro-

215 1046 233 1076 7
260 1049 390 1076 mana
425 1036 644 1089 ingressus
677 1035 814 1076 altera
850 1038 971 1088 parte
1004 1035 1112 1076 clam
1146 1035 1334 1089 Capuam
1373 1036 1589 1090 pervadat.
1649 1036 1819 1077 litterae

261 1095 403 1134 autem
430 1096 553 1134 erant
579 1093 875 1134 adhortatione
908 1094 1077 1148 plenae:
1108 1094 1419 1147 profectionem
1446 1109 1587 1148 suam,
1619 1108 1726 1148 quae
1753 1108 1818 1135 sa-

259 1152 410 1192 lutaris
455 1152 542 1193 illis
586 1151 715 1205 foret,
760 1152 1070 1194 abstracturam
1109 1153 1161 1193 ad
1199 1153 1505 1203 defendendam
1542 1152 1726 1194 Romam
1764 1152 1817 1193 ab

213 1220 233 1251 8
260 1211 549 1265 oppugnanda
570 1209 717 1264 Capua
743 1210 870 1252 duces
898 1213 1026 1265 atque
1053 1212 1261 1253 exercitus
1285 1211 1512 1253 Romanos.
1561 1225 1615 1251 ne
1641 1211 1818 1264 despon-

308 1305 338 1336 2.
365 1305 579 1336 commeatus
625 1303 876 1348 intercludere]
927 1303 1006 1337 Liv.

259 1349 359 1392 sagt:
386 1349 500 1382 alicui
526 1346 739 1384 commeatus
768 1350 1007 1385 intercludere

260 1405 288 1429 c.
317 1398 372 1437 39,
397 1398 439 1429 10
464 1395 540 1429 und
560 1406 680 1431 arcere
705 1400 918 1431 commeatus
937 1398 1004 1432 ali-

258 1442 363 1476 cuius
396 1453 427 1476 c.
461 1445 518 1486 20,
551 1447 570 1477 7
580 1457 589 1486 ;
640 1443 735 1478 doch
767 1444 862 1478 auch
894 1445 1004 1479 inter-

259 1488 401 1523 cludere
444 1490 599 1534 aliquem
639 1490 765 1535 aliqua
804 1502 859 1533 re,
899 1503 927 1525 z,
963 1491 1004 1526 Β.

259 1536 389 1570 castris
414 1535 474 1580 27,
500 1540 557 1580 42,
584 1540 615 1571 4.

306 1583 490 1618 abscedere
516 1584 623 1618 irrito
649 1584 806 1629 incepto]
833 1584 894 1619 bei
920 1583 999 1619 Liv.

259 1629 343 1663 sehr
368 1630 514 1674 h'aufige
542 1630 751 1675 Wendung,
777 1631 815 1664 in
841 1631 1002 1666 welcher

258 1677 366 1710 irrito
398 1677 539 1720 incepto
574 1678 628 1712 als
663 1677 821 1712 absolut.
849 1678 1000 1713 Ablativ

259 1723 494 1758 aufzufassen
524 1723 591 1766 ist,
631 1724 678 1759 da
717 1725 901 1760 abscedere
932 1736 1001 1759 nur

261 1771 386 1814 streng
434 1770 537 1805 lokal
585 1772 813 1813 vorkommt,
869 1771 1001 1806 variirt

260 1817 376 1851 durch
426 1818 596 1852 absistere
644 1819 801 1862 incepto,
847 1822 998 1860 conatu;

260 1864 425 1898 desistere
457 1865 617 1908 incepto;
651 1866 759 1900 irrito
784 1866 925 1909 incepto
950 1876 1002 1900 re-

259 1914 401 1953 vertere,
428 1912 584 1946 recedere
608 1911 683 1946 und
710 1911 911 1947 ahnliches.

308 1961 339 1993 3.
354 1958 406 1992 ire
418 1958 555 2003 pergit]
567 1969 677 2003 pergo
692 1959 847 1993 nicht=
857 1958 1001 1994 weiter-

259 2004 390 2048 gehen,
429 2004 638 2049 fortgehen,
677 2006 834 2040 sondern
864 2017 932 2050 per
958 2027 1002 2031 —

257 2061 339 2094 reyo
360 2067 404 2079 =
424 2051 613 2096 Richtung
633 2053 810 2094 nehmen;
837 2052 906 2086 wie
925 2063 1002 2086 sur-

257 2108 301 2141 90
327 2113 371 2125 =
397 2098 520 2132 sub—
546 2109 645 2142 reyo:
678 2098 756 2133 sich
777 2098 1001 2140 aufrichten,

258 2144 374 2178 daher
411 2144 477 2178 das
516 2155 554 2178 so
589 2145 847 2189 gewohnliche
885 2146 1005 2190 peryit

257 2191 311 2225 ire
335 2190 422 2224 kein
447 2191 688 2226 Pleonasmus
712 2192 772 2225 ist.

305 2238 476 2283 impetus]
495 2237 569 2272 ‘ein
591 2238 810 2282 plotzlicher
824 2238 974 2272 Einfall'
993 2253 1000 2280 3

259 2284 374 2318 daher
399 2285 550 2328 impetu:
578 2285 632 2319 als
658 2285 903 2320 adverbieller
928 2285 1001 2319 Ab·

258 2331 351 2365 lativ
377 2331 428 2364 im
459 2331 665 2376 Gegensatz
693 2344 736 2365 zu
763 2332 913 2367 consilio
939 2343 1000 2377 ge-

258 2377 417 2412 braucht
443 2377 502 2420 22,
524 2382 579 2421 50,
603 2382 656 2413 12.

307 2424 433 2469 caput]
449 2424 576 2469 ‘Herd,
586 2426 674 2460 oder
689 2425 863 2459 Centrum
877 2425 910 2459 d.
926 2425 999 2468 K.’‚

259 2471 314 2505 oft
351 2471 420 2505 mit
458 2483 528 2506 arse
565 2472 789 2507 verbunden.
828 2483 856 2506 c.
890 2476 952 2515 25,
979 2474 999 2505 8

258 2521 369 2562 caput
388 2528 572 2563 arcemque
593 2519 801 2561 Maedicae,
823 2520 917 2553 auch
929 2530 1001 2553 von

258 2564 454 2608 Personen,
468 2565 506 2599 in
520 2565 698 2600 welchem
709 2565 813 2599 Falle
828 2566 999 2600 deutsch:

260 2610 382 2646 ε86616
408 2612 440 2646 d.
467 2612 545 2646 Kr.'
574 2612 634 2655 28,
654 2616 710 2656 42,
736 2616 777 2646 16
804 2613 868 2647 ubi
893 2613 1000 2647 Han-

257 2659 361 2693 nibal
387 2659 447 2701 sit,
472 2659 525 2694 ibi
550 2663 660 2703 caput
685 2670 867 2703 arcemque
892 2660 1001 2694 huius

259 2706 342 2740 belli
366 2716 446 2740 esse.

306 2756 410 2787 4—5.
436 2752 510 2787 Der
541 2753 633 2787 Plan
672 2753 790 2787 bietet
833 2753 916 2788 dem
953 2753 997 2787 H.

260 2797 338 2832 drei
358 2798 547 2833 Chaneen:
577 2801 609 2843 1)
632 2800 689 2834 die
710 2799 814 2834 nicht
835 2800 999 2834 undenk-

259 2843 347 2878 bare
378 2844 623 2889 Moglichkeit
652 2849 741 2889 (non
779 2858 848 2881 esse
880 2847 997 2890 despe-

1079 1304 1253 1346 randum)
1284 1303 1399 1337 durch
1431 1302 1680 1337 Handstreich
1713 1301 1820 1336 einen

1079 1350 1161 1384 Teil
1202 1351 1266 1385 der
1301 1350 1532 1394 Hauptstadt
1568 1361 1611 1383 zu
1648 1349 1818 1384 nehmen.

1079 1399 1113 1440 2)
1139 1397 1330 1442 g'anzliche
1358 1397 1445 1431 oder
1470 1395 1648 1431 teilweise
1668 1396 1819 1440 Losung

1078 1444 1142 1478 der
1173 1444 1339 1479 Blokade
1372 1443 1525 1488 Capuas.
1565 1443 1600 1486 3)
1635 1442 1695 1477 ein
1725 1445 1818 1487 gsiu-

1077 1491 1191 1535 stiges
1225 1491 1372 1525 Treffen
1409 1501 1529 1534 gegen
1569 1490 1627 1523 die
1665 1489 1819 1534 geteilte

1076 1537 1275 1572 feindliche
1301 1537 1438 1572 Macht.

1123 1588 1153 1619 6.
1182 1595 1272 1619 cura
1316 1583 1486 1629 anyebat]
1527 1583 1674 1628 haufige
1707 1583 1818 1617 Wen-

1074 1631 1189 1676 dung;
1226 1631 1286 1675 27,
1314 1635 1371 1674 40,
1399 1634 1419 1664 2
1445 1643 1480 1665 u.
1509 1630 1580 1673 oft3
1612 1630 1723 1665 meist
1748 1629 1818 1664 wie

1073 1678 1154 1712 hier
1186 1678 1281 1713 ohne
1309 1678 1461 1723 Objekt;
1499 1677 1594 1712 doch
1626 1676 1722 1711 auch
1747 1676 1817 1711 mit

1073 1725 1303 1760 demselben:
1348 1724 1407 1768 32,
1453 1728 1484 1768 5,
1531 1728 1562 1758 2.
1604 1724 1818 1768 Philippum

1074 1800 1081 1806 .
1104 1798 1110 1804 .
1134 1799 1141 1805 .
1163 1773 1245 1806 belli
1283 1783 1391 1806 curae
1429 1775 1577 1816 angunt.
1613 1770 1679 1814 21,
1714 1775 1751 1813 1,
1784 1774 1815 1805 5.

1073 1818 1243 1853 [leutschz
1288 1818 1474 1863 beengen,
1512 1817 1670 1862 qualem
1714 1817 1818 1852 nicht

1077 1866 1284 1910 angstigen.

1124 1914 1264 1957 ayenda
1305 1910 1556 1956 audendaque]
1601 1909 1819 1946 formelhaft

1075 1959 1134 1993 fur
1173 1959 1243 1994 den
1281 1958 1463 1993 hochsten
1500 1957 1599 1992 Grad
1638 1958 1702 1992 der
1726 1956 1818 1992 Ver—

1076 2006 1302 2050 wegenheit;
1348 2005 1441 2039 auch
1473 2005 1713 2049 umgekehrt:
1757 2003 1816 2047 22,

1079 2057 1132 2096 14,
1163 2056 1205 2086 14
1232 2053 1398 2087 audendo
1424 2055 1529 2096 atque
1554 2051 1701 2095 ayendo.

1126 2103 1155 2134 7.
1184 2099 1436 2133 adhortatione
1460 2098 1607 2143 plenae]
1635 2096 1815 2131 iiberwie-

1076 2145 1172 2189 gend
1193 2146 1294 2179 steht
1307 2145 1440 2189 plenus
1458 2144 1519 2179 bei
1537 2144 1614 2179 Liv.
1636 2143 1705 2178 mit
1731 2143 1816 2178 dem

1076 2191 1244 2234 Genitiv;
1289 2192 1384 2226 doch
1422 2191 1516 2226 auch
1554 2191 1660 2225 nicht
1697 2190 1816 2225 selten

1074 2238 1144 2272 mit
1181 2239 1265 2273 dem
1298 2238 1466 2279 Ablativ3
1506 2249 1534 2274 c.
1568 2241 1631 2281 42,
1665 2241 1684 2272 3
1717 2237 1816 2272 omni

1074 2286 1199 2320 bellico
1226 2289 1411 2329 apparatu
1431 2285 1589 2328 plenam.

1120 2333 1227 2367 duces
1258 2335 1364 2376 atque
1395 2332 1584 2376 exercitus]
1621 2331 1697 2366 Liv.
1732 2331 1816 2375 sagt

1073 2380 1164 2413 stets
1190 2379 1267 2413 duoe
1293 2382 1398 2423 atque
1423 2379 1598 2413 exereitus
1625 2378 1712 2413 oder
1737 2378 1815 2413 dux

1074 2427 1329 2470 eoeercitusque,
1374 2425 1458 2459 sehr
1503 2425 1621 2460 selten
1663 2425 1740 2460 dux
1783 2427 1815 2458 et

1073 2474 1258 2507 exercitus.

1121 2523 1153 2554 8.
1174 2519 1389 2564 despondere
1421 2518 1578 2564 animos]
1612 2517 1813 2562 eigentlich

1074 2583 1118 2594 =
1154 2566 1361 2611 angeloben
1400 2567 1546 2609 (filiam)
1591 2563 1811 2606 verheissen3

1074 2624 1104 2649 c.
1131 2617 1186 2657 37,
1214 2617 1233 2647 ὃ
1266 2614 1361 2647 velut
1394 2612 1630 2657 despondente
1661 2611 1813 2652 fortuna

1073 2660 1252 2695 Romanis
1267 2661 1458 2704 imperium
1471 2658 1630 2693 orientis.
1668 2657 1725 2691 Da
1737 2668 1812 2690 nun

1073 2707 1161 2742 aber
1181 2707 1246 2741 das
1261 2707 1299 2740 in
1312 2706 1518 2750 Vertragen
1533 2704 1811 2748 Versprochene

1072 2753 1166 2787 auch
1197 2753 1369 2787 meistens
1401 2750 1638 2796 ausgeliefert
1663 2750 1811 2784 werden

1070 2799 1183 2841 muss,
1219 2810 1258 2833 so
1286 2798 1406 2832 erh‘alt
1431 2799 1543 2832 sehon
1569 2797 1629 2832 bei
1656 2797 1810 2831 Plautus

1071 2847 1165 2890 desp.
1181 2845 1242 2880 die
1256 2845 1490 2889 Bedeutung:
1510 2844 1716 2888 fortgeben.
1762 2842 1809 2878 So
