1963 3308
225 158 282 200 96
702 157 846 192 LIBER
871 157 999 192 XXVI.
1051 157 1152 191 CAP.
1180 160 1236 192 44.
1263 160 1318 192 45.
1629 174 1653 191 a.
1674 174 1703 192 u.
1724 167 1786 193 544.

226 266 369 321 Scipio
395 267 440 307 in
466 266 696 317 tumulum,
729 278 855 318 quem
880 263 1066 305 Mercuri
1091 266 1264 316 vocant,
1290 263 1609 318 animadvertit,
1641 265 1787 306 multis

224 325 421 380 partibus
465 324 626 365 nudata
670 322 964 364 defensoribus
1008 321 1180 363 moenia
1224 335 1336 375 csse,
1381 336 1528 364 omnes
1571 337 1593 364 e
1633 324 1788 365 castris

176 395 197 425 ’7
225 384 385 425 excitos
417 383 479 423 ire
511 382 564 423 ad
597 380 932 437 oppugnandum
964 382 1007 421 et
1037 379 1146 421 ferre
1180 380 1316 421 scalas
1348 380 1478 421 iubet.
1532 381 1624 435 ipse
1655 382 1789 423 trium

224 456 326 507 prae
365 456 409 482 se
446 442 649 483 iuvenum
687 439 927 482 validorum
967 439 1099 480 scutis
1141 439 1352 504 oppositis
1394 463 1443 467 —
1485 439 1636 494 ingens
1675 441 1788 482 enim

224 501 312 542 iam
343 500 407 541 vis
441 499 581 541 omnis
620 499 787 554 generis
822 499 1009 540 telorum
1041 512 1063 539 e
1095 498 1228 539 muris
1260 497 1436 540 volabat
1468 520 1523 525 —
1556 498 1608 539 ad
1639 500 1788 541 urbem

176 569 197 600 8
226 558 429 612 succedit,
467 558 685 613 hortatur,
721 558 906 612 imperat
939 571 1048 611 quae
1080 557 1127 597 in
1157 570 1249 597 rem
1281 558 1399 611 sunt,
1438 555 1626 610 quodque
1655 558 1785 611 pluri-

224 632 342 659 mum
375 618 429 659 ad
461 617 749 659 accendendos
788 616 977 657 militum
1009 616 1176 657 animos
1208 616 1431 669 intererat,
1470 615 1592 656 testis
1626 619 1788 669 specta-

176 687 197 717 9
224 678 377 731 torque
398 676 571 718 virtutis
593 678 719 731 atque
745 675 943 730 ignaviae
965 675 1169 729 cuiusque
1197 674 1329 716 adest.
1378 674 1522 727 itaque
1546 674 1591 714 in
1609 674 1789 716 vulnera

225 750 274 777 ac
317 735 405 777 tela
442 737 590 789 ruunt,
633 748 771 789 neque
816 734 912 775 illos
959 734 1070 775 muri
1113 747 1248 787 neque
1294 734 1588 787 superstantes
1636 733 1791 774 armati

154 792 369 848 lo'ss'arcerc
401 796 580 848 queunt,
612 793 715 848 quin
741 793 938 834 certatim
965 792 1212 833 ascendant.
1263 795 1306 833 et
1339 792 1391 833 ab
1423 791 1607 833 navibus
1640 792 1790 834 eodem

223 855 416 907 tempore
451 867 516 905 ea,
549 865 656 907 quae
689 852 798 892 mari
830 850 1037 901 adluitur,
1074 865 1174 904 pars
1212 850 1330 891 urbis
1364 850 1605 905 oppugnari
1637 853 1791 905 coepta

225 913 301 953 est.
358 886 547 953 ceteruin
578 910 789 952 tumultus
822 909 919 950 inde
952 909 1089 950 maior
1121 923 1249 962 quam
1280 909 1345 950 vis
1379 909 1573 950 adhiberi
1606 911 1790 963 poterat.

155 981 195 1011 11
224 970 322 1011 dum
364 971 599 1036 applicant,
639 969 738 1010 dum
776 968 934 1022 raptim
974 970 1193 1021 exponunt
1228 968 1364 1008 scalas
1398 968 1659 1022 militesque,
1692 968 1791 1009 dum

152 1041 162 1078 ὲ
225 1043 309 1083 qua
347 1030 497 1084 cuique
536 1028 779 1083 proximum
819 1029 885 1068 est
921 1027 968 1067 in
1003 1028 1165 1067 terram
1197 1026 1373 1067 evadere
1412 1029 1661 1081 properant,
1695 1027 1790 1081 ipsa

151 1087 210 1130 45
224 1087 500 1130 festinatione
539 1090 581 1128 et
613 1087 845 1129 certamine
884 1085 958 1126 alii
996 1085 1103 1126 alios
1141 1085 1394 1138 impediunt
1448 1085 1559 1125 inter
1588 1085 1695 1127 haec
1727 1100 1790 1126 re-

225 1146 419 1200 pleverat
450 1147 535 1188 iam
568 1146 735 1188 Poenus
770 1145 947 1186 armatis
981 1158 1125 1186 muros
1136 1177 1147 1198 ,
1179 1146 1222 1184 et
1252 1143 1317 1185 vis
1351 1157 1509 1198 magna
1541 1158 1592 1184 ex
1624 1144 1790 1198 ingenti

177 1216 198 1248 2
226 1206 351 1259 copia
383 1208 591 1260 congesta
621 1205 808 1246 telorum
840 1202 1157 1257 suppeditabat.
1211 1201 1284 1243 sed
1315 1216 1453 1256 neque
1485 1201 1567 1243 viri
1598 1216 1674 1243 nec
1705 1202 1792 1244 tela

224 1278 302 1305 nec
335 1266 563 1319 quicquam
590 1263 706 1305 aliud
733 1277 864 1317 aeque
895 1276 1024 1317 quam
1051 1261 1220 1302 moenia
1250 1261 1346 1315 ipsa
1372 1275 1464 1302 sese
1491 1260 1791 1302 defendebant.

225 1338 347 1364 rarae
380 1324 492 1365 enim
526 1323 665 1364 scalae
699 1321 916 1363 altitudini
950 1320 1125 1375 aequari
1155 1322 1376 1374 poterant,
1410 1322 1453 1360 et
1484 1334 1567 1374 quo
1600 1333 1792 1374 quaeque

177 1393 198 1424 3
227 1382 422 1436 altiores,
468 1397 517 1423 eo
562 1381 816 1423 infirmiores
860 1382 993 1421 erant.
1055 1380 1199 1433 itaque
1241 1392 1337 1420 cum
1382 1393 1572 1419 summus
1617 1379 1793 1433 quisque

227 1442 404 1483 evadere
442 1456 531 1483 non
571 1444 736 1494 posset,
778 1439 970 1480 subirent
1006 1440 1153 1479 tamen
1191 1438 1283 1492 alii,
1324 1451 1452 1479 onere
1490 1438 1584 1491 ipso
1623 1437 1791 1493 frange-

1048 1554 1180 1588 Satzen
1212 1553 1412 1597 negativen
1442 1552 1582 1587 Sinnes.
1621 1552 1655 1594 4,
1687 1557 1742 1595 24,
1769 1557 1790 1587 9

1045 1601 1186 1635 nullius
1206 1601 1422 1634 auctoritate
1448 1619 1491 1624 —-
1519 1600 1691 1634 deterreri
1709 1601 1790 1644 qui-

224 1557 494 1592 Relativsatzes
526 1557 611 1590 dem
645 1555 846 1590 Gedanken
877 1554 973 1588 nach

223 1605 321 1639 noch
355 1604 490 1639 einmal
522 1603 759 1645 wiederholt,
790 1615 818 1637 z.
846 1602 885 1636 B.
912 1601 972 1644 25,

225 1655 288 1695 28,
323 1655 340 1685 1
374 1662 465 1696 quae
495 1652 560 1686 ubi
593 1671 635 1675 -—
668 1653 753 1685 sunt
784 1649 972 1691 nuntiata,

225 1698 418 1743 Epicyden
445 1698 639 1743 Syracusis
666 1698 852 1731 eoeeessisse
877 1708 912 1730 u.
940 1698 972 1729 ὃ.

272 1762 373 1795 quem
387 1751 435 1785 M
436 1751 570 1785 ercurii
583 1750 728 1795 vocant]
739 1750 842 1784 Auch
855 1748 973 1783 dieser

164 1834 173 1843 ⁸
224 1798 347 1843 Hfigel
377 1798 428 1832 ist
457 1799 494 1832 in
528 1797 592 1832 der
625 1809 654 1832 e.
681 1801 724 1831 42
758 1796 973 1841 gegebenen

225 1844 611 1889 Stadtbeschreibung
635 1844 740 1879 nicht
767 1843 944 1878 erwa'hnt.

272 1899 366 1940 ferre
409 1898 547 1944 scalas]
589 1897 849 1933 Sturmleitern
886 1895 972 1930 mit·

224 1946 402 1987 nehmen3
436 1945 505 1980 wie
531 1946 638 1989 siyna
670 1945 764 1987 ferre
789 1942 972 1988 gebildet3

225 1992 292 2036 24,
318 1996 381 2035 46,
409 1996 429 2026 2
460 1993 579 2026 scalas
611 1992 714 2034 ferre.
759 1990 824 2032 27,
854 1993 914 2031 15,
942 1994 972 2024 6.

226 2039 287 2082 28,
309 2044 342 2083 3,
363 2044 382 2074 6
397 2051 431 2073 11.
447 2050 496 2082 ο.;
523 2049 610 2073 vom
636 2018 886 2083 cigentliclien
900 2037 973 2070 Α11-

224 2086 334 2130 legen
360 2086 425 2120 der
449 2087 600 2121 Leitern
630 2084 743 2120 heisst
775 2095 812 2119 es
839 2085 973 2129 ενὶρενε

223 2134 343 2167 scalas
368 2134 418 2167 ad
442 2143 573 2168 muros.
619 2132 679 2176 28,
707 2136 761 2175 19,
791 2134 850 2173 18,
877 2130 972 2165 auch

228 2180 425 2270 admovere,
452 2190 632 2224 apponere
656 2180 783 2213 scalas.
820 2178 852 2220 7,
870 2181 922 2220 16,
940 2181 970 2211 6.

276 2289 306 2319 7
340 2296 433 2329 prae
460 2284 517 2329 se]
553 2295 647 2328 prae
684 2283 773 2328 geht
803 2294 876 2317 von
908 2283 973 2317 der

227 2332 589 2376 Grundbedeutung:
606 2330 701 2365 ‘sich
713 2329 896 2364 raumlich
910 2341 973 2364 vor

227 2381 342 2413 etwas
361 2378 563 2421 befinden’,
589 2377 704 2412 leioht
728 2377 766 2411 in
787 2377 845 2412 die
865 2375 971 2411 fiber:

230 2426 312 2460 ‘vor
338 2427 454 2460 etwas
481 2425 570 2467 sein,
596 2437 658 2459 um
682 2435 719 2459 es
739 2436 782 2458 zu
802 2423 971 2458 decken'.

227 2472 353 2517 32,17,
365 2476 406 2507 13
422 2473 555 2507 obicere
566 2482 660 2516 prae
672 2482 707 2506 se
721 2472 853 2506 hastas.
876 2482 905 2506 c.
915 2474 970 2514 25,

229 2523 273 2554 10
293 2520 454 2564 proiecto
482 2530 573 2563 prae
597 2529 632 2553 se
657 2519 779 2562 clipeo.
830 2517 913 2562 Vgl.
942 2528 970 2552 c

226 2570 284 2607 41,
307 2570 326 2601 7
341 2577 423 2610 pro.
438 2586 482 2591 —
498 2566 565 2600 Die
579 2565 659 2599 hier
679 2565 868 2599 erw‘ahnte
882 2563 972 2598 Vor-

227 2612 540 2657 sichtsmassregel
582 2612 632 2646 ist
674 2611 970 2656 ungewohnlich.

276 2676 308 2706 8.
335 2672 433 2706 testis
452 2671 708 2716 spectatorque]
733 2670 801 2704 ‘als
823 2670 969 2714 Augen-

226 2719 369 2763 zeuge'.
407 2718 472 2760 31,
507 2722 568 2760 37,
596 2722 617 2752 4
642 2729 680 2752 eo
706 2729 842 2762 quoque
864 2727 969 2761 supe-

226 2766 339 2800 riores
362 2766 582 2800 Macedones
601 2769 716 2807 erant,
742 2765 836 2810 quod
856 2768 887 2798 et
906 2775 970 2798 rex

225 2812 303 2855 ipsc
326 2813 488 2847 hortator
513 2813 650 2847 aderat.

276 2876 308 2905 9.
335 2871 483 2916 queunt]
500 2871 574 2905 Das
587 2871 748 2905 Verbum
761 2880 848 2914 queo
856 2868 970 2903 findet

227 2916 305 2951 sich
331 2920 422 2952 stets
447 2918 486 2951 in
512 2918 703 2963 negierten
724 2916 856 2952 Satzen
882 2915 970 2950 oder

1045 1649 1145 1682 verit.
1172 1647 1207 1690 3,
1235 1651 1290 1690 52,
1317 1651 1349 1681 2.
1375 1647 1435 1691 32,
1461 1650 1495 1690 4,
1522 1650 1543 1680 4
1565 1647 1666 1681 haud
1684 1647 1792 1689 facile

1045 1705 1165 1739 queas.

1093 1742 1184 1785 quin
1209 1741 1370 1776 certatim
1395 1741 1609 1786 ascendant]
1638 1740 1716 1775 dass
1739 1740 1791 1776 sie

1046 1801 1107 1822 um
1142 1788 1201 1823 die
1228 1788 1353 1822 Wette
1385 1788 1518 1822 hinauf
1540 1800 1584 1822 zu
1610 1787 1791 1822 klimmen

1046 1835 1330 1870 versuohten.
1359 1835 1539 1869 certatim:
1566 1835 1601 1878 1,
1625 1838 1681 1877 40,
1702 1839 1733 1870 6.
1761 1846 1791 1869 c.

1046 1886 1102 1925 54,
1130 1887 1161 1917 3.
1189 1882 1223 1925 2,
1250 1886 1306 1925 41,
1334 1886 1364 1916 7.
1391 1880 1426 1924 5,
1454 1886 1485 1925 7,
1514 1886 1568 1916 11.
1595 1882 1656 1925 27,
1682 1885 1740 1925 46,
1760 1886 1790 1916 3.

1047 1941 1076 1966 c.
1105 1933 1160 1973 28,
1189 1934 1242 1964 11.
1271 1941 1299 1964 c.
1326 1933 1383 1972 41,
1410 1934 1441 1963 8.

1094 1988 1123 2012 0.
1151 1976 1211 2019 45,
1240 1981 1269 2011 1.
1295 1977 1390 2011 inter
1415 1977 1511 2010 haec.
1548 1975 1632 2020 Vgl.
1653 1986 1683 2010 c.
1704 1979 1737 2018 4,
1761 1979 1789 2010 l.

1047 2024 1115 2058 Die
1153 2023 1364 2067 Erz'ahlung
1401 2023 1512 2057 kehrt
1549 2034 1632 2057 zum
1667 2022 1791 2057 Sturm

1047 2071 1112 2105 auf
1135 2071 1200 2105 der
1225 2069 1423 2104 Landseite
1451 2070 1596 2104 zuriick.

1092 2117 1362 2162 suppeditabat]
1383 2117 1469 2151 Dies
1487 2117 1595 2151 Verb.
1610 2116 1702 2150 wird
1715 2126 1789 2150 von

1045 2163 1125 2199 Liv.
1151 2164 1291 2199 sowohl
1311 2163 1498 2198 transitiv:
1528 2174 1555 2197 c.
1578 2167 1634 2205 33,
1661 2166 1681 2196 8
1705 2173 1790 2215 sup

1041 2212 1207 2255 peditare
1239 2211 1427 2253 alimenta,
1463 2210 1517 2243 als
1542 2210 1709 2254 haufiger
1734 2209 1790 2243 in-

1045 2257 1218 2292 transitiv
1250 2274 1293 2285 =
1322 2258 1480 2300 suppetit
1516 2257 1645 2301 aliqd.,
1680 2267 1790 2301 ange-

1046 2305 1201 2339 wendet.
1237 2304 1296 2346 22,
1324 2307 1379 2347 39,
1411 2308 1451 2337 14
1482 2314 1546 2338 nec
1576 2304 1633 2338 his
1656 2304 1789 2347 paucis

1044 2353 1119 2385 iam
1157 2352 1273 2385 vietus
1309 2351 1527 2394 suppeditat.
1573 2350 1640 2393 28,
1667 2354 1729 2393 27,
1755 2354 1789 2387 3

1045 2398 1104 2441 30,
1132 2402 1188 2440 25,
1217 2402 1247 2432 7.

1093 2452 1124 2479 2.
1147 2456 1211 2479 nee
1230 2445 1421 2489 quiequam
1435 2444 1540 2478 aliud
1552 2454 1662 2488 aeque
1682 2455 1790 2488 quam

1044 2491 1205 2536 moenia]
1246 2492 1333 2525 kurz
1365 2492 1424 2525 fiir
1448 2502 1512 2526 nec
1543 2492 1659 2535 quicq.
1684 2490 1789 2526 aliud

1045 2550 1153 2583 aeque
1171 2539 1314 2573 moenia
1332 2539 1554 2581 defendebat,
1572 2549 1681 2582 quam
1699 2548 1788 2572 moe-

1043 2587 1109 2620 nia
1152 2587 1234 2630 ipsa
1276 2596 1350 2620 sese
1396 2585 1641 2628 defendebant.
1676 2603 1717 2609 —
1747 2584 1789 2618 In

1044 2632 1291 2668 affirmativen
1316 2632 1449 2667 S'atzen
1479 2632 1575 2676 folgt
1609 2630 1703 2665 auch
1729 2630 1788 2665 bei

1042 2680 1121 2715 Liv.
1155 2680 1222 2714 auf
1250 2690 1359 2723 aeque
1387 2678 1564 2713 zuweilen
1589 2680 1711 2721 atque,
1736 2681 1787 2719 et;

1042 2727 1122 2761 hier
1136 2727 1187 2761 ist
1199 2738 1307 2770 quam
1320 2726 1435 2761 durch
1448 2736 1511 2759 nee
1525 2744 1568 2749 -—
1584 2724 1689 2758 aliud
1707 2735 1787 2758 ver-

1042 2773 1181 2808 anlasst
1199 2774 1272 2818 vgl.
1289 2783 1316 2808 c.
1333 2776 1389 2816 40,
1404 2776 1436 2806 9.
1471 2773 1523 2805 Zu
1541 2782 1649 2815 acque
1667 2782 1788 2815 quam,

1042 2822 1107 2855 das
1142 2831 1212 2855 von
1243 2819 1321 2854 Liv.
1358 2819 1395 2852 in
1428 2818 1486 2853 die
1519 2818 1633 2852 Prosa
1663 2817 1787 2862 einge-

1041 2867 1143 2902 fuhrt
1166 2866 1226 2908 ist,
1252 2866 1326 2909 vgl.
1353 2865 1413 2908 31,
1442 2869 1472 2907 1,
1499 2869 1520 2899 4
1545 2876 1653 2909 aeque
1672 2865 1787 2899 multa

1041 2914 1227 2949 volumina
1253 2933 1296 2937 —
1323 2924 1440 2957 quam.
