1963 3308
204 160 230 179 a.
252 153 318 179 Chr.
338 161 365 178 n.
386 153 445 178 211.

714 140 859 176 LIBER
883 139 1013 176 XXVI.
1064 138 1164 175 CAP.
1195 142 1249 174 17.
1703 135 1756 177 37

204 251 319 295 Nero
351 251 509 293 insedit.
564 250 806 292 Hasdrubal
837 263 928 291 cam
964 249 1009 290 in
1041 250 1134 290 arto
1170 262 1238 289 res
1272 249 1403 300 esset,
1440 245 1762 288 caduceatorem
1789 254 1809 285 5

203 311 340 365 misit,
371 310 442 365 qui
473 309 761 364 promitteret,
798 309 833 350 si
864 308 961 350 inde
994 308 1175 349 emissus
1208 306 1335 358 foret,
1371 320 1415 347 se
1447 319 1616 347 omnem
1648 317 1762 344 exer-

205 370 338 413 citum
371 384 421 411 ex
441 368 656 424 Hispania
687 368 1020 422 deportaturum.
1071 381 1198 421 quam
1229 381 1320 407 rem
1345 380 1441 407 cum
1472 365 1586 406 laeto
1621 363 1764 404 animo
1791 373 1811 403 6

204 429 423 471 Romanus
445 428 690 482 accepisset,
716 427 828 469 diem
854 429 1074 481 posterum
1094 425 1338 467 Hasdrubal
1364 424 1575 478 colloquio
1601 422 1767 477 petivit,

205 491 253 530 ut
289 502 432 530 coram
470 488 585 542 leges
624 486 994 528 conscriberentur
1036 485 1086 525 de
1123 484 1343 525 tradendis
1383 484 1550 525 arcibus
1595 482 1766 523 urbium

205 548 357 602 dieque
401 546 645 599 statuenda,
695 546 747 586 ad
791 559 919 598 quam
967 542 1180 597 praesidia
1231 542 1556 594 deducerentur,
1608 553 1768 595 suaque

207 607 350 649 omnia
388 607 479 647 sine
516 605 663 646 fraude
700 603 832 645 Poeni
877 603 1163 656 deportarent.

1231 601 1345 655 quod
1387 600 1462 642 ubi
1506 599 1769 653 impetravit,
1795 609 1813 640 7

207 666 420 719 extemplo
453 664 602 718 primis
634 662 820 704 tenebris
849 663 975 715 atque
1001 660 1098 702 inde
1128 662 1221 701 tota
1246 662 1389 713 nocte,
1422 659 1536 714 quod
1568 658 1769 713 gravissi-

206 740 323 767 mum
361 723 569 765 exercitus
608 723 716 774 erat,
753 719 1000 761 Hasdrubal
1040 733 1306 774 quacumque
1347 721 1494 773 posset
1533 717 1710 759 evadere
1751 731 1769 757 e

207 785 319 826 saltu
350 782 486 824 iussit.
535 781 634 821 data
667 780 812 821 sedulo
846 794 976 834 opera
1003 781 1084 832 est,
1114 793 1168 819 ne
1201 778 1326 820 multi
1355 792 1404 819 ea
1435 780 1562 819 nocte
1594 776 1768 829 exirent,
1795 786 1815 816 s

205 846 254 885 ut
285 843 379 896 ipsa
410 839 604 894 paucitas
631 853 726 880 cum
760 838 813 880 ad
843 839 1014 880 hostem
1041 838 1212 879 silentio
1244 837 1477 878 fallendum
1505 837 1643 890 aptior
1676 837 1769 876 tum

208 902 261 944 ad
299 899 560 942 evadendum
597 912 673 953 per
712 900 828 940 artas
867 897 1042 939 semitas
1081 911 1129 938 ac
1167 896 1364 938 difficiles
1403 897 1529 938 esset.

205 959 449 1014 insequenti
482 958 548 999 die
581 957 635 999 ad
667 957 925 1012 colloquium
958 958 1039 1010 est,
1078 956 1151 997 sed
1183 956 1393 1010 loquendo
1425 956 1551 1009 plura
1584 954 1767 996 scriben-

208 1020 344 1074 doque
376 1017 521 1059 dedita
553 1031 700 1071 opera,
739 1031 848 1072 quae
885 1017 930 1057 in
967 1030 1058 1057 rem
1094 1030 1181 1056 non
1214 1018 1372 1068 essent,
1411 1014 1475 1055 die
1515 1015 1770 1066 consumpto

207 1079 252 1120 in
281 1079 502 1133 posterum
535 1077 713 1117 dilatum
746 1078 822 1117 est.
878 1075 1024 1117 addita
1055 1074 1285 1130 insequens
1317 1088 1402 1116 nox
1435 1073 1622 1128 spatium
1655 1071 1771 1113 dedit
1798 1082 1841 1113 10

257 1221 288 1253 5.
305 1219 344 1252 in
358 1216 453 1262 arto]
469 1234 512 1245 =
528 1217 582 1251 als
595 1227 634 1251 er
647 1216 686 1250 in
704 1216 768 1250 der
782 1215 951 1250 Klemme

211 1265 300 1308 safs3
333 1267 401 1299 art.
434 1264 554 1307 nicht,
586 1263 656 1298 wie
689 1274 717 1298 c.
753 1267 808 1306 39,
836 1267 877 1297 13
910 1264 952 1297 in

210 1316 290 1348 arto
309 1313 465 1356 stipatus
484 1311 596 1353 lokal,
612 1310 769 1345 sondern
787 1310 826 1344 in
845 1310 951 1344 fiber-

208 1362 381 1404 tragener
405 1358 634 1402 Bedeutung.
685 1357 844 1402 Vg1.28,
859 1361 916 1400 24,
931 1361 950 1392 6

210 1408 361 1443 artiores
390 1417 446 1440 res
477 1423 520 1435 =
553 1405 586 1448 2,
619 1409 675 1448 34,
708 1409 728 1439 5
761 1408 828 1440 art.
863 1415 951 1440 eom-

209 1457 355 1490 meatus.
395 1453 455 1496 26,
481 1457 537 1495 20,
564 1456 584 1487 8
611 1455 679 1487 art.
707 1463 866 1487 annona.

252 1501 533 1546 caduceatorem]
545 1516 588 1528 =
596 1499 869 1541 Parlamentar3
880 1510 953 1534 von

211 1549 295 1583 dem
310 1548 497 1590 caduceas,
518 1547 588 1582 den
604 1558 642 1582 er
660 1548 758 1592 trug,
778 1546 952 1582 benannt.

211 1596 318 1631 Seine
334 1594 509 1639 Sendung
526 1595 593 1629 hat
611 1595 743 1629 immer
755 1593 953 1628 Absehlufs

211 1643 274 1678 des
287 1641 462 1678 Friedens
476 1641 564 1677 oder
577 1641 953 1676 Waffenstillstandes

210 1702 293 1725 zum
321 1689 485 1724 Zwecke.
535 1689 619 1733 Vgl.
646 1688 706 1731 35,
734 1691 790 1731 38,
817 1692 837 1722 8
869 1689 955 1723 inde

211 1739 424 1773 caduceator
444 1737 623 1781 primum,
649 1736 776 1770 deinde
795 1740 828 1770 et
847 1736 955 1781 Ieyati

212 1813 219 1820 .
249 1813 256 1820 .
285 1812 292 1819 .
321 1812 327 1818 .
354 1794 465 1818 missi.

258 1832 368 1873 misit,
387 1831 450 1875 qui
470 1831 705 1874 promitteret,
725 1830 757 1864 si
777 1858 783 1864 .
802 1858 808 1864 .
826 1858 831 1864 .
854 1831 954 1864 emis-

211 1888 273 1914 sas
315 1878 423 1923 foret]
468 1877 526 1912 die
564 1877 855 1922 Wiederholung
893 1877 957 1911 der

212 1926 343 1961 Worte
371 1924 540 1969 gleichen
561 1924 742 1959 Stammes
767 1925 872 1959 hatte
899 1924 958 1958 fiir

213 1973 293 2008 Liv.
305 1971 469 2007 offenbar
477 1971 558 2006 hier
568 1972 703 2006 keinen
710 1970 958 2006 hasslicheren

212 2020 346 2064 lssang,
361 2018 416 2053 als
431 2030 459 2054 6.
472 2022 529 2062 44,
541 2023 561 2053 2
577 2019 738 2063 disponit
749 2039 791 2043 ——
809 2019 958 2063 opponit

214 2087 257 2092 -—
271 2067 446 2111 imponit;
472 2066 560 2101 oder
579 2065 639 2109 31,
660 2070 716 2109 37,
739 2070 755 2099 1
778 2066 896 2100 educit
911 2086 953 2090 —

213 2118 246 2150 et
260 2135 303 2139 —
318 2114 428 2148 ducit.
456 2113 516 2157 28,
537 2117 569 2156 9,
590 2116 680 2147 2-3
707 2114 891 2148 iusserunt
911 2134 954 2137 —

213 2162 405 2196 iusserunt.
448 2160 507 2204 23,
536 2164 590 2204 19,
618 2163 638 2194 8
665 2163 845 2195 convecto
876 2171 956 2196 cum

214 2209 417 2253 complura
444 2236 450 2243 .
479 2235 485 2241 .
514 2235 520 2241 .
551 2208 761 2251 complesset.

262 2259 295 2290 6.
318 2254 506 2300 colloquio]
529 2255 594 2289 der
612 2254 724 2289 Dativ
744 2254 878 2289 driickt
897 2254 956 2288 die

214 2302 471 2346 Bestimmung
484 2313 548 2336 aus
568 2301 627 2335 ffir
641 2301 722 2336 eine
737 2301 854 2336 Sache
870 2302 958 2336 oder

215 2349 369 2383 Person:
406 2349 479 2393 vgl.
507 2360 536 2383 c.
563 2353 595 2392 3,
623 2352 642 2383 9
675 2349 768 2384 diem
803 2350 959 2384 comitiis

210 2399 340 2440 petere.
384 2406 413 2430 c.
440 2399 496 2438 35,
527 2399 549 2429 4
581 2397 658 2430 dux
686 2427 692 2433 .
719 2423 728 2431 .
755 2422 762 2430 .
789 2397 960 2431 seditioni

216 2443 354 2477 deesset.
366 2441 400 2484 3,
413 2446 466 2485 12,
477 2446 494 2476 1
504 2443 578 2476 iam
589 2444 715 2477 aderat
724 2444 862 2478 iudicio
873 2444 958 2478 dies.

264 2490 398 2534 eoram]
413 2488 637 2533 personlich,
656 2489 695 2523 in
708 2489 960 2534 personlicher

216 2535 484 2580 Unterredung.
541 2547 570 2570 6.
608 2539 664 2579 27,
703 2540 723 2570 9
760 2540 802 2571 nt
840 2548 960 2572 coram

217 2583 526 2628 coavryuebantum
564 2582 640 2616 und
678 2593 716 2617 so
749 2583 802 2617 oft
839 2594 960 2618 coram

217 2629 430 2666 adverbiell.
475 2640 505 2664 6.
532 2633 587 2672 30,
617 2633 658 2663 12
690 2632 732 2663 ut
762 2640 882 2664 coram
913 2631 961 2665 iis

216 2678 459 2721 respondeam.
487 2687 515 2711 c.
529 2680 585 2721 31,
599 2680 640 2711 11
656 2677 827 2720 quoniam
841 2687 961 2711 eoram

217 2725 383 2759 audistis,
429 2723 490 2767 24,
516 2728 572 2766 27,
599 2728 619 2758 6
646 2724 710 2768 qai
735 2734 854 2758 coram
881 2734 961 2758 enm

212 2772 446 2816 praetoribus
473 2797 622 2806 .....
650 2774 805 2815 agerent.

265 2818 588 2863 conscriberentur]
643 2817 959 2852 ‘zusammenstel-

218 2865 311 2907 len?
340 2865 413 2909 vgl.
441 2875 469 2899 c.
495 2869 551 2908 24,
572 2868 592 2899 8
613 2877 648 2900 u.
670 2869 713 2899 14
739 2865 961 2909 conscriptae

220 2913 464 2954 condiciones,-
507 2912 571 2946 das
615 2911 870 2956 Compositum
912 2911 962 2946 ist

1025 1214 1208 1258 motivirt,
1240 1214 1345 1248 nicht
1370 1212 1606 1257 iiberflt'issig,
1637 1210 1706 1246 wie
1733 1211 1772 1246 in

1025 1262 1223 1297 condensus
1250 1273 1279 1297 c.
1307 1265 1339 1305 5,
1368 1265 1422 1296 13.

1074 1314 1105 1344 7.
1144 1310 1290 1344 evadere
1333 1319 1351 1343 e
1390 1308 1503 1353 salta]
1548 1307 1623 1351 vgl.
1668 1310 1688 1348 ξ·
1728 1310 1770 1341 12

1024 1360 1211 1392 evaserant
1237 1368 1253 1391 e
1278 1357 1395 1397 saltn,-
1427 1355 1538 1390 evado
1568 1354 1667 1389 steht
1693 1356 1771 1388 ent-

1024 1404 1146 1439 weder
1161 1404 1308 1438 absolut
1323 1403 1657 1448 1)=entk0mmen
1673 1412 1701 1435 6.
1715 1405 1771 1445 38,

1027 1455 1080 1487 13.
1099 1463 1178 1486 eum
1192 1452 1338 1486 evadere
1356 1450 1563 1494 neqniren&
1585 1451 1619 1493 2)
1635 1465 1678 1477 --
1693 1448 1772 1483 11111-

1025 1499 1281 1533 auskommen:
1322 1509 1352 1533 c.
1385 1502 1424 1541 4,
1457 1501 1476 1531 3
1510 1507 1700 1531 evasurum
1738 1506 1773 1530 se

1019 1547 1226 1591 professas;
1252 1545 1327 1580 und
1354 1547 1388 1587 3)
1409 1562 1453 1574 =
1467 1543 1772 1578 hinaufkommen

1028 1605 1056 1629 6.
1073 1597 1129 1637 45,
1144 1598 1163 1627 3
1185 1604 1262 1628 eam
1281 1603 1439 1627 summus
1459 1592 1607 1636 quisque
1626 1591 1773 1625 evadere

1025 1651 1100 1675 non
1128 1644 1261 1685 posset,
1300 1640 1389 1674 oder
1420 1639 1490 1673 mit
1521 1638 1676 1683 Angabe
1708 1637 1772 1671 des

1028 1688 1145 1730 Ortes,
1158 1688 1255 1722 nach
1267 1687 1448 1722 welchem
1462 1697 1549 1721 man
1563 1686 1773 1720 entkommt

1028 1735 1116 1771 oder
1146 1734 1423 1770 hinaufkommt
1448 1733 1516 1768 mit
1541 1734 1582 1767 in
1607 1731 1683 1766 und
1712 1731 1771 1766 ad.

1028 1793 1058 1818 6.
1085 1786 1142 1825 45,
1168 1787 1188 1817 9
1215 1783 1359 1817 evadere
1385 1782 1433 1816 ad
1457 1781 1599 1815 moenia
1621 1783 1640 1821 ἓ
1663 1783 1706 1813 13
1732 1780 1773 1813 in

1028 1833 1156 1864 tntum.

1076 1880 1108 1911 8.
1148 1878 1237 1911 data
1273 1876 1394 1911 sedulo
1435 1886 1543 1920 opera
1582 1873 1648 1919 est]
1686 1873 1774 1907 dare

1029 1935 1175 1968 operam
1211 1927 1252 1958 itt
1288 1923 1339 1957 ist
1380 1922 1455 1957 fast
1494 1920 1774 1956 ausnahmslose

1029 1971 1303 2015 Wortstellung
1321 1970 1384 2004 bei
1397 1970 1487 2012 Liv.,
1503 1969 1636 2003 ebenso
1652 1968 1774 2002 dedita

1031 2029 1139 2062 opera
1148 2020 1180 2060 (ξ
1190 2020 1223 2061 9)
1233 2018 1400 2052 daneben
1412 2017 1512 2051 steht
1522 2014 1774 2060 pleonastisch

1027 2066 1166 2108 sedulo,
1198 2065 1267 2100 wie
1300 2076 1329 2099 6.
1357 2068 1412 2107 40,
1440 2067 1481 2098 11
1515 2063 1615 2098 nacti
1646 2072 1773 2107 oppor-

1028 2117 1125 2147 tune.

1077 2159 1214 2205 aptior]
1242 2159 1308 2193 das
1328 2158 1518 2203 Adjektiv,
1539 2156 1687 2192 obwohl
1707 2168 1775 2190 nur

1028 2207 1079 2241 im
1093 2209 1214 2242 ersten
1229 2205 1441 2251 Satzgliede
1456 2204 1623 2247 stehend,
1643 2203 1776 2248 gehort

1029 2255 1124 2289 auch
1151 2266 1232 2288 zum
1257 2253 1421 2288 zweiten.
1471 2251 1555 2296 Vgl.
1583 2251 1643 2294 37,
1672 2254 1726 2294 12,
1753 2252 1772 2282 8

1031 2302 1124 2346 qaod
1148 2301 1280 2344 frande
1304 2301 1420 2344 eapti,
1445 2300 1540 2344 quod
1566 2310 1590 2332 a
1614 2299 1688 2333 cive
1708 2307 1774 2341 po-

1031 2350 1208 2383 tissimum
1251 2358 1316 2382 suo
1365 2347 1504 2390 forent;
1551 2345 1776 2390 umgekehrt

1031 2396 1124 2430 wird
1150 2396 1216 2430 das
1232 2394 1409 2439 Adjektiv
1429 2405 1492 2428 aus
1517 2393 1601 2428 dem
1621 2391 1775 2426 zweiten

1033 2442 1223 2488 Satzglied
1242 2454 1323 2476 zum
1344 2444 1465 2476 ersten
1486 2441 1646 2485 erganzt.
1674 2451 1702 2474 c.
1716 2442 1772 2482 27,

1033 2494 1076 2524 12
1111 2491 1251 2524 nnllam
1288 2489 1383 2524 enim
1419 2489 1460 2522 in
1497 2488 1603 2522 ter-ris
1639 2489 1776 2531 flentem

1032 2548 1119 2581 esse,
1160 2537 1301 2571 nnllam
1341 2536 1562 2578 infestiorem
1594 2534 1775 2578 populum

1031 2585 1173 2619 nomini
1197 2584 1374 2618 Romano,

1080 2635 1113 2666 9.
1123 2632 1166 2665 in
1183 2631 1274 2676 rem]
1288 2630 1392 2664 nicht
1406 2641 1468 2664 zur
1479 2629 1597 2663 Sache
1619 2626 1776 2672 gehorig

1032 2678 1108 2711 und
1133 2677 1238 2712 nicht
1263 2676 1573 2711 zweckdienlich.'
1612 2686 1641 2708 c.
1669 2678 1725 2717 44,
1753 2677 1773 2707 8

1032 2724 1203 2768 imperat,
1226 2735 1317 2767 quae
1335 2724 1376 2757 in
1395 2734 1467 2757 rem
1485 2725 1579 2757 sunt.
1613 2721 1656 2755 In
1675 2721 1774 2755 dem-

1033 2771 1161 2804 selben
1187 2769 1298 2804 Sinne
1324 2771 1426 2804 scnst
1451 2780 1468 2803 e
1492 2780 1530 2803 re
1555 2771 1614 2804 est.

1081 2818 1235 2851 dilatum
1258 2816 1322 2862 est]
1350 2828 1387 2851 es
1414 2817 1488 2850 trat
1509 2815 1567 2850 ein
1584 2814 1774 2849 Aufschub

1034 2863 1110 2907 ein,
1135 2863 1396 2908 unpersonlich
1415 2863 1483 2897 wie
1505 2874 1534 2898 c.
1552 2866 1604 2905 14,
1621 2866 1641 2896 9
1665 2862 1773 2897 desci-

1034 2914 1110 2946 tum
1138 2915 1197 2947 est.

1594 897 1769 936 ventum
1795 905 1814 934 9
