1963 3308
218 169 272 212 88
737 168 881 202 LIBER
907 167 1037 201 XXVI.
1089 167 1192 201 CAP.
1219 171 1275 201 41.
1617 184 1641 202 n.
1663 183 1692 201 u.
1714 178 1778 202 544.

218 278 381 334 gnitate
408 277 532 317 deum
558 276 600 315 id
626 289 827 330 paremus
855 276 982 328 atque
1010 286 1206 328 agamUS,
1234 287 1321 314 non
1347 276 1395 314 ut
1419 274 1502 328 ipsi
1528 288 1777 316 maneamus

216 338 261 379 in
293 335 521 390 Hispania,
560 334 632 375 sed
669 347 721 374 ne
755 332 888 374 Poeni
926 333 1145 385 maneant,
1183 345 1262 372 nec
1299 334 1347 372 ut
1382 346 1460 385 pro
1499 333 1593 386 ripa
1623 332 1774 374 Hiberi

218 397 381 436 stantes
408 407 629 435 arceamus
647 392 832 433 transitu
858 391 1018 445 hostes,
1045 390 1118 431 sed
1143 393 1193 430 ut
1211 390 1324 431 ultro
1344 392 1613 432 transeamus
1638 394 1777 433 trans-

172 470 190 500 7
217 454 488 507 feramusque
519 452 698 505 bellum,
731 465 880 492 vereor
910 464 963 490 ne
993 449 1060 491 cui
1091 451 1282 490 vestrum
1313 449 1451 490 maius
1482 448 1526 489 id
1558 449 1777 491 audacius-

220 526 299 567 que
320 511 548 552 consilium
574 524 700 565 quam
723 511 796 550 aut
821 523 898 563 pro
919 508 1124 550 memoria
1145 507 1330 548 cladium
1352 521 1488 562 nuper
1509 510 1778 562 acceptarum

172 587 192 617 8
219 573 293 612 aut
329 584 408 624 pro
448 571 588 611 aetate
626 583 722 610 mea
760 567 968 608 videatur.
1031 566 1234 608 adversae
1277 579 1447 620 pugnae
1485 565 1531 606 in
1567 565 1780 620 Hispania

218 629 378 671 nullius
411 628 457 669 in
489 628 633 670 animo
667 641 795 681 quam
826 640 921 668 meo
954 626 1095 667 minus
1128 625 1348 667 obliterari
1386 626 1585 679 possunt,
1624 625 1781 679 quippe

220 688 287 730 cui
324 690 448 742 pater
480 689 523 728 et
560 689 739 740 patruus
776 686 891 726 intra
922 685 1102 740 triginta
1141 683 1304 725 dierum
1337 683 1545 737 spatium,
1585 684 1634 723 ut
1665 682 1784 723 aliud

172 764 192 795 9
220 761 346 802 super
371 746 487 787 aliud
513 745 803 787 cumularetur
828 743 1017 785 familiae
1042 745 1216 784 nostrae
1241 743 1389 796 funus,
1421 740 1638 782 interfecti
1665 743 1779 795 sunt3

220 807 293 847 sed
331 809 380 846 ut
416 804 646 845 familiaris
687 816 821 857 paene
862 802 1025 843 orbitas
1065 816 1113 842 ac
1153 800 1337 842 solitudo
1380 801 1545 855 frangit
1582 800 1787 852 animum,

220 865 281 906 ita
312 863 486 918 publica
511 876 606 903 cum
638 861 814 903 fortuna
838 863 930 901 tum
957 860 1093 901 virtus
1121 860 1346 913 desperare
1373 859 1422 900 de
1451 874 1616 900 summa
1641 872 1783 899 rerum

220 923 432 977 prohibet.

498 935 547 962 ea
591 920 680 961 fato
727 919 910 974 quodam
949 919 1049 960 data
1092 918 1219 959 nobis
1265 932 1356 959 sors
1395 920 1477 972 est,
1520 920 1568 959 ut
1611 916 1785 971 magnis

224 981 422 1024 omnibus
448 980 574 1021 bellis
601 979 703 1020 victi
729 978 966 1019 vicerimus.
1016 979 1161 1018 vetera
1187 976 1359 1030 omitto,
1384 976 1657 1030 Porsinnam,
1684 974 1784 1016 Gal-

221 1041 307 1095 los,
346 1038 579 1082 Samnites:
619 1053 644 1079 a
680 1037 851 1078 Punicis
890 1036 1017 1077 bellis
1055 1035 1270 1089 incipiam.
1327 1037 1432 1089 quot
1467 1035 1642 1088 classes,
1680 1036 1785 1088 quot

222 1099 367 1152 duces,
406 1099 511 1152 quot
543 1097 751 1138 exercitus
783 1096 926 1150 priore
957 1095 1072 1136 bello
1106 1094 1254 1135 amissi
1289 1094 1405 1135 sunt!
1447 1093 1533 1134 iam
1572 1093 1672 1147 quid
1702 1093 1785 1134 hoc

221 1158 336 1199 bello
368 1156 631 1198 memorem?
664 1154 861 1197 omnibus
895 1156 968 1195 aut
1000 1154 1093 1208 ipse
1126 1153 1241 1194 adfui
1274 1152 1487 1206 cladibus,
1526 1154 1599 1193 aut
1631 1151 1786 1206 quibus

223 1217 327 1267 afui,
367 1216 548 1257 maxime
586 1229 695 1256 unus
734 1214 924 1255 omnium
963 1227 1035 1254 eas
1075 1212 1199 1253 sensi.

271 1373 300 1403 7.
326 1378 395 1412 pro
420 1366 521 1411 ripa]
556 1365 615 1400 die
640 1365 877 1408 Praposition
898 1375 969 1409 pro

223 1432 266 1444 =
292 1426 384 1449 vorn
423 1426 470 1448 an
497 1416 563 1458 (an
596 1413 660 1446 der
691 1412 846 1455 Kiiste),
879 1412 970 1457 geht

222 1462 327 1497 nicht
346 1462 461 1496 selten
483 1472 548 1496 aus
569 1460 633 1494 der
652 1457 882 1493 raumlichen
904 1459 968 1493 Β6-

223 1510 389 1553 deutung
407 1509 446 1543 in
467 1508 526 1542 die
547 1518 652 1551 „zum
667 1506 847 1540 Schutze“
866 1505 966 1540 iiber.

223 1556 283 1600 24,
312 1561 367 1598 11,
395 1560 414 1590 5
437 1566 507 1599 pro
528 1554 722 1589 Calabriae
741 1553 910 1587 litoribus
928 1554 969 1587 in

223 1605 387 1639 statione.
417 1602 477 1645 25,
509 1607 567 1643 11,
595 1606 616 1635 4
640 1602 749 1635 statio
782 1611 872 1644 quae
900 1610 969 1643 pro

224 1662 327 1695 opere
351 1654 438 1685 erat.

272 1709 421 1754 stantes]
443 1706 701 1751 unbeweglich
722 1706 888 1749 stehend,
904 1705 970 1739 Be-

225 1756 432 1799 zeichnung
456 1755 518 1788 des
539 1753 655 1788 Stand
675 1753 877 1787 haltenden
897 1752 971 1786 und

227 1803 305 1837 sich
346 1802 412 1837 auf
443 1801 604 1836 Abwehr
642 1799 971 1834 beschrankenden

226 1849 422 1894 K'ampfers
443 1848 502 1890 22,
530 1852 562 1891 5,
588 1852 604 1881 1
626 1850 720 1881 stare
740 1857 783 1881 ac
802 1857 971 1890 puynare

226 1898 333 1931 iubet.

275 1960 501 1989 transeamus
538 1953 869 1996 transferamusque
903 1952 969 1986 bel-

230 2002 318 2047 lum]
341 2001 400 2036 die
421 2011 650 2045 synonymen
660 1999 877 2033 Ausdrficke
891 2009 970 2033 ver-

228 2049 377 2084 st'arken
409 2048 480 2082 den
511 2046 655 2092 Begriff
682 2047 747 2081 der
774 2045 970 2080 Offensive.

227 2096 313 2141 Vgl.
341 2107 368 2130 c.
399 2099 452 2138 12,
481 2099 524 2128 14
552 2094 709 2128 coeundo
735 2093 971 2136 conferundo-

230 2154 296 2188 que
323 2172 329 2178 .
360 2170 365 2176 .
395 2169 401 2175 .
430 2171 436 2176 .
464 2145 595 2176 castra.

276 2210 397 2235 vereor
433 2209 477 2233 ue
515 2199 595 2243 cui]
635 2197 868 2243 Eigentliche
899 2198 973 2230 An-

230 2247 452 2291 ktindigung
478 2245 541 2280 des
562 2246 722 2280 Themas
745 2245 974 2288 (propositio)

230 2294 444 2330 verbunden
492 2293 562 2328 mit
604 2292 705 2326 einer
747 2290 975 2335 Disposition

229 2342 438 2386 (partitio).
488 2340 563 2374 Das
602 2339 745 2374 Thema
782 2337 846 2372 ist:
895 2337 976 2372 eine

231 2388 392 2432 kr'aftige
443 2387 628 2422 Offensive
680 2386 731 2420 ist
780 2385 886 2419 nicht
934 2396 977 2418 zu

233 2436 373 2470 schwer
422 2437 456 2478 1)
488 2445 560 2478 pro
596 2433 767 2468 memoria
806 2432 974 2466 cladium.

233 2484 268 2525 2)
289 2493 361 2526 pro
388 2485 502 2516 aetate
527 2492 613 2515 mea.

280 2544 407 2575 8-17.
422 2537 849 2583 ErsterHauptteil:
870 2536 978 2570 Esist

232 2588 346 2622 Roms
374 2585 854 2628 Schicksalsbestimmung,
882 2583 977 2617 nach

234 2634 496 2678 anfanglichen
529 2632 777 2677 Niederlagen
814 2630 979 2675 Siegerin

234 2694 276 2717 zu
308 2681 472 2721 wei-dem
504 2678 667 2724 Beispiel
695 2678 893 2714 besonders
920 2676 979 2711 die

232 2729 436 2774 punischen
461 2727 608 2771 Kriege.

279 2790 310 2821 8.
320 2788 490 2822 adversae
497 2784 658 2830 pugnae]
668 2784 908 2828 Ausffihrung
917 2783 980 2816 des

237 2836 357 2868 ersten
389 2832 644 2877 Haupsteiles,
684 2831 842 2866 welcher
873 2840 979 2873 asyn-

235 2880 380 2915 detisch
412 2881 482 2914 mit
507 2878 716 2914 Vorantritt
746 2878 809 2912 des
835 2877 978 2920 Haupt-

235 2926 409 2971 begriffes
435 2926 646 2970 eingefiihrt
671 2924 773 2959 wird.

1263 1210 1439 1264 Trebia,
1483 1210 1791 1264 Trasumenus,

1090 1363 1229 1396 nullius
1248 1363 1289 1397 in
1309 1363 1430 1397 animo
1445 1373 1552 1406 quam
1566 1371 1639 1395 meo
1649 1360 1787 1406 minus]

1043 1409 1310 1454 cigentfimlich
1359 1409 1450 1443 freie
1502 1407 1786 1452 Wortstellung,

1042 1457 1102 1491 bei
1128 1456 1289 1491 welcher
1314 1456 1378 1490 der
1398 1454 1641 1499 Komparativ
1664 1454 1791 1488 hinter

1042 1514 1151 1548 quam
1175 1503 1259 1537 tritt
1282 1503 1356 1537 und
1383 1502 1551 1546 zugleich
1573 1502 1632 1536 die
1651 1501 1789 1545 Pr'apo·

1043 1550 1155 1584 sitien
1175 1550 1280 1584 nicht
1298 1549 1517 1584 wiederholt
1529 1548 1630 1583 wird.
1658 1548 1717 1591 25,
1732 1551 1791 1592 25,

1044 1601 1061 1631 7
1089 1598 1131 1632 de
1157 1607 1307 1641 quorum
1337 1597 1506 1640 precibus
1535 1607 1643 1640 quam
1663 1598 1792 1638 postu-

1044 1645 1129 1678 latis
1160 1645 1276 1688 rnayis
1307 1655 1341 1677 u.
1376 1644 1479 1678 oster.

1091 1702 1246 1748 quippe]
1279 1702 1354 1736 Das
1386 1701 1534 1735 Relativ
1566 1700 1627 1735 bei
1658 1701 1790 1744 quippe

1044 1750 1113 1784 mit
1139 1750 1222 1783 dem
1249 1749 1327 1785 Ind.
1354 1761 1383 1784 z.
1410 1748 1450 1783 B.
1478 1747 1512 1790 8,
1532 1751 1588 1789 26,
1611 1752 1630 1781 5
1658 1749 1791 1791 quippe

1044 1798 1107 1841 qui
1126 1798 1278 1831 inermes
1298 1824 1304 1830 .
1328 1825 1334 1831 .
1356 1796 1499 1830 rediere.
1527 1794 1561 1839 3,
1577 1799 1608 1837 6,
1625 1799 1644 1829 6
1658 1795 1792 1838 quippe

1044 1844 1175 1888 quibus
1191 1871 1196 1877 .
1214 1872 1220 1878 .
1239 1871 1245 1877 .
1261 1871 1267 1877 .
1285 1844 1413 1877 bellum
1431 1842 1680 1876 sustinendum
1694 1845 1792 1884 erat,-

1046 1891 1141 1925 doch
1156 1890 1362 1935 fiberwiegt
1378 1890 1416 1923 in
1430 1888 1706 1923 Relativsatzen
1726 1887 1792 1922 der

1044 1936 1288 1982 Konjunktiv.

1093 1998 1197 2031 aliud
1216 2007 1323 2040 super
1341 1994 1460 2039 aliud]
1481 1994 1549 2028 Die
1563 1993 1795 2028 rhetorische

1046 2044 1270 2088 Steigerung
1300 2042 1387 2078 l‘asst
1418 2041 1539 2076 ausser
1564 2041 1679 2083 Acht,
1712 2039 1793 2074 dass

1047 2092 1143 2125 alius
1169 2091 1249 2125 hier
1272 2101 1345 2124 von
1372 2100 1441 2123 nur
1465 2088 1555 2122 zwei
1580 2088 1697 2122 clades
1727 2097 1791 2131 ge—

1046 2137 1204 2173 braucht
1230 2136 1290 2171 ist.
1318 2148 1347 2171 0.
1376 2140 1406 2177 5,
1436 2139 1455 2169 6
1483 2135 1559 2169 alia
1587 2155 1628 2158 ——
1656 2135 1743 2168 alia.

1097 2200 1126 2230 9.
1143 2207 1185 2230 ea
1203 2195 1281 2237 fato
1304 2193 1473 2239 quodam]
1489 2193 1570 2227 eine
1585 2192 1791 2235 Lieblings-

1049 2245 1197 2278 sentenz
1211 2242 1414 2275 romischer
1428 2239 1704 2274 Schriftsteller.
1732 2238 1793 2282 27,

1051 2294 1112 2333 14,
1141 2294 1158 2323 1
1185 2299 1247 2323 seu
1271 2289 1358 2322 vicit
1382 2286 1602 2329 (Romanus)
1629 2286 1795 2327 ferociter

1049 2339 1163 2372 instat
1182 2336 1298 2377 victis,
1318 2345 1379 2369 seu
1398 2334 1512 2368 victus
1529 2337 1589 2375 est,
1609 2333 1795 2367 instaurat

1050 2395 1129 2418 cum
1154 2383 1349 2417 victoribus
1372 2385 1556 2415 certamen.
1590 2380 1626 2421 9,
1641 2384 1673 2422 3,
1690 2383 1732 2413 12
1753 2390 1795 2414 ea

1051 2435 1100 2465 est
1109 2440 1194 2474 ycns
1201 2429 1382 2470 Romana,
1401 2438 1493 2472 quae
1511 2428 1606 2461 victa
1619 2428 1795 2471 quiescere

1049 2480 1210 2521 nequeat.

1100 2539 1153 2570 11.
1180 2536 1254 2569 iam
1280 2534 1369 2579 quid
1393 2534 1457 2568 hoc
1483 2533 1571 2568 bello
1593 2530 1794 2576 memorem]

1051 2583 1126 2617 Aus
1164 2582 1247 2616 dem
1285 2580 1614 2625 vorhergehenden
1652 2578 1701 2612 ist
1735 2577 1795 2612 ein

1051 2628 1194 2673 Begriff
1209 2628 1278 2663 wie
1305 2629 1477 2662 amissum
1502 2637 1572 2661 esse
1593 2625 1680 2660 oder
1700 2624 1794 2659 acci-

1053 2677 1146 2711 disse
1171 2688 1214 2710 zu
1241 2679 1429 2719 erganzen.

1102 2735 1211 2778 adfui
1219 2754 1260 2759 ——
1271 2733 1370 2778 afui]
1383 2730 1643 2767 absichtlicher
1652 2729 1797 2764 Gleich-

1052 2782 1178 2826 klang.
1236 2780 1275 2824 8,
1314 2783 1376 2822 36,
1415 2783 1434 2812 2
1475 2788 1537 2812 seu
1573 2777 1710 2811 adesset
1747 2787 1795 2810 an

1054 2830 1194 2863 abesset.
1223 2847 1265 2852 —
1300 2825 1421 2870 Scipio
1453 2835 1530 2858 war
1561 2834 1725 2868 zugegen
1757 2823 1797 2856 in

1054 2874 1282 2909 Oberitalien
1314 2882 1373 2906 am
1407 2871 1558 2906 Ticinus
1585 2870 1674 2914 (und
1705 2869 1796 2904 viel-

1052 2921 1168 2955 leicht
1195 2920 1289 2954 auch
1315 2930 1361 2953 an
1387 2918 1451 2953 der
1477 2916 1626 2961 Trebia)
1660 2917 1797 2951 ebenso
