1963 3308
149 167 174 185 a.
197 158 262 185 chr.
283 166 310 184 n.
331 160 392 184 211.
686 145 830 181 LIBER
856 145 983 181 XXVI.
1037 143 1137 179 CAP.
1168 147 1222 178 12.

1643 140 1699 181 25

148 257 309 311 Punici,
335 271 459 298 versa
485 258 588 310 erat,
615 269 702 309 suo,
729 269 816 297 non
838 254 1050 296 sociorum
1071 252 1260 308 periculo
1283 250 1504 293 sollicitos.
1554 249 1584 290 ii
1605 263 1702 290 con·
1731 260 1773 291 11

151 316 321 370 scriptis
367 315 419 357 ad
458 314 744 357 Hannibalem
788 313 944 355 litteris
984 327 1072 354 non
1116 312 1248 353 libere
1289 310 1415 352 modo
1461 308 1534 350 sed
1574 308 1703 350 etiam

151 389 313 430 aspere,
340 375 492 429 quibus
518 389 603 416 non
630 372 822 428 Capuam
850 373 986 414 solam
1005 371 1211 412 traditam
1238 370 1280 411 in
1300 383 1474 411 manum
1493 367 1706 422 hostibus,

150 434 220 476 sed
255 449 298 475 se
330 448 496 489 quoque
533 436 574 475 et
605 432 864 488 praesidium
904 432 950 472 in
983 445 1128 473 omnes
1169 429 1380 471 cruciatus
1419 427 1611 482 proditos
1643 427 1705 468 in-

150 493 374 535 cusabant:
413 493 553 535 abisse
593 506 687 533 eum
726 491 771 532 111
809 490 1002 531 Bruttios
1041 489 1158 529 velut
1202 489 1467 529 avertentem
1505 501 1615 540 sese,
1652 500 1705 527 ne
1734 497 1777 528 12

151 551 298 607 Capua
330 553 375 594 in
408 552 540 595 oculis
573 552 662 592 eius
695 551 940 604 caperetur3
973 550 1017 588 at
1047 547 1219 588 hercule
1244 546 1462 588 Romanos
1495 559 1546 586 ne
1574 559 1706 599 oppu-

151 612 352 668 gnatione
397 611 565 666 quidem
604 609 721 650 urbis
758 608 977 649 Romanae
1011 605 1204 647 abstrahi
1238 620 1262 646 a
1294 603 1442 659 Capua
1475 604 1707 645 obsidenda

150 672 364 725 potuisse:
396 673 517 711 tanto
550 667 882 710 constantiorem
915 665 1135 706 inimicum
1166 663 1409 706 Romanum
1442 677 1569 717 quam
1602 663 1706 704 ami-
1734 675 1778 706 13

151 745 246 772 cum
290 730 482 771 Poenum
526 742 628 768 esse.
691 727 725 767 si
769 725 916 767 redeat
961 723 1153 778 Capuam
1197 723 1441 778 bellumque
1487 736 1612 764 omne
1657 736 1706 763 00

152 792 315 842 vertat,
352 791 393 829 et
434 801 477 828 se
515 789 558 827 et
589 784 831 839 Campanos
870 785 1046 838 paratos
1086 783 1297 837 eruptioni
1329 783 1431 823 fore.
1492 796 1580 823 non
1612 795 1708 822 cum
1737 793 1782 823 14

152 848 328 904 Reginis
351 843 489 901 neque
517 844 764 887 Tarentinis
798 844 957 885 bellum
985 844 1182 898 gesturos
1208 841 1417 883 transisse
1444 840 1601 895 Alpes:
1633 841 1708 881 ubi

152 907 371 950 Romanae
402 905 593 960 legiones
627 905 729 957 sint,
767 903 828 945 ibi
862 905 903 944 et
936 901 1356 956 Carthaginiensium
1399 900 1609 942 exercitus
1642 899 1711 940 de-

154 967 253 1008 bere
297 979 401 1007 esse.
464 964 524 1006 sic
570 963 620 1004 ad
655 961 839 1016 Cannas,
884 962 943 1004 sic
989 961 1041 1002 ad
1086 961 1429 1002 Trasumennum
1467 973 1557 1000 rem
1602 959 1711 1000 bene

154 1027 339 1080 gestam,
385 1023 589 1066 coeundo.
617 1022 960 1076 conferundoque
1001 1034 1096 1062 cum
1134 1020 1258 1062 hoste
1296 1022 1455 1072 castra,
1493 1018 1712 1059 fortunam

153 1083 413 1138 temptando.
474 1084 518 1124 in
555 1082 666 1124 hanc
705 1081 960 1123 sententiam
998 1080 1168 1120 litterae
1207 1079 1474 1133 conscriptae
1511 1076 1711 1119 Numidis
1741 1088 1784 1120 15

153 1143 376 1198 proposita
416 1141 607 1184 mercede
657 1155 751 1182 eam
795 1140 999 1194 professis
1045 1153 1217 1193 operam
1263 1138 1427 1179 dantur.
1497 1137 1528 1178 ii
1573 1137 1712 1191 specie

156 1202 477 1257 transfugarum
523 1215 618 1242 cum
659 1200 711 1241 ad
749 1198 951 1241 Flaccum
989 1198 1033 1239 in
1071 1201 1213 1240 castra
1250 1198 1488 1251 venissent,
1532 1199 1580 1237 ut
1616 1195 1713 1237 inde

155 1265 348 1316 tempore
381 1263 505 1315 capto
539 1260 725 1314 abirent,
757 1258 999 1314 famesque,
1038 1271 1145 1311 quae
1183 1257 1270 1298 iam
1305 1257 1376 1298 diu
1409 1255 1579 1310 Capuae
1612 1257 1714 1306 erat,

156 1320 266 1363 nulli
303 1335 390 1362 11011
427 1319 695 1374 probabilem
733 1333 906 1359 causam
943 1316 1213 1358 transitionis
1252 1316 1430 1370 faceret,
1470 1315 1622 1355 mulier
1653 1329 1713 1355 re·
1744 1324 1787 1355 16

155 1383 283 1435 pente
317 1377 537 1433 Campana
568 1378 613 1419 in
645 1380 787 1419 castra
823 1377 952 1430 venit,
993 1378 1184 1418 scortum
1221 1374 1544 1430 transfugarum
1576 1374 1716 1428 unius,

157 1438 401 1494 indicatque
427 1437 677 1493 imperatori
698 1436 893 1478 Romano
908 1434 1117 1477 Numidas
1143 1434 1290 1476 fraude
1318 1433 1557 1488 composita
1575 1435 1716 1474 trans·

157 1499 242 1540 isse
280 1498 529 1552 litterasque
563 1497 616 1538 ad
648 1495 935 1537 Hannibalem
967 1494 1095 1536 ferre:
1128 1493 1171 1535 id
1196 1509 1329 1535 unum
1363 1508 1412 1535 ex
1438 1493 1504 1547 113,
1537 1492 1612 1547 qui.
1635 1492 1717 1533 sibi
1746 1501 1788 1533 17

209 1654 262 1685 11.
275 1651 305 1685 ii
319 1650 531 1694 conscriptis
543 1678 550 1684 .
565 1676 571 1682 .
585 1678 590 1684 .
604 1648 733 1693 literis]
746 1648 810 1683 der
819 1647 902 1682 Satz

159 1697 293 1733 miisste
328 1697 456 1732 weiter
495 1697 633 1742 gehen:
676 1706 751 1730 ‘nou
795 1696 903 1730 libere

160 1746 279 1789 modo,
316 1745 377 1779 sed
407 1745 515 1779 etiam
546 1754 669 1789 aspere
690 1763 732 1768 —
758 1743 904 1777 incusa-

161 1793 259 1827 bant.
316 1791 421 1826 Doch
456 1791 506 1825 ist
537 1791 615 1826 dies
651 1789 904 1834 naturgem‘ass

163 1839 241 1874 sich
279 1838 451 1874 bietende
482 1838 646 1873 Verbum
683 1838 828 1872 finitum
866 1838 904 1872 in

162 1886 233 1922 den
258 1885 484 1921 Relativsatz
518 1885 833 1930 herabgedriickt‚
865 1895 903 1919 so

1023 1647 1243 1690 conserando
1258 1657 1337 1680 cum
1353 1645 1464 1691 hoste]
1478 1645 1571 1687 couf.
1587 1644 1653 1678 hat
1666 1643 1718 1678 im

977 1694 1225 1740 eigentlichen
1257 1693 1369 1728 Sinne
1407 1692 1466 1727 die
1494 1691 1610 1726 Sache
1645 1690 1720 1725 fast

975 1742 1106 1777 111111101-
1125 1741 1176 1776 1111
1196 1740 1308 1776 Dativ
1332 1742 1468 1782 (castra
1488 1740 1617 1774 castris
1637 1750 1718 1773 cou-

975 1790 1096 1833 ferre)‚
1121 1789 1179 1823 die
1199 1787 1335 1823 Person
1362 1787 1432 1822 mit
1457 1798 1536 1822 cum
1561 1786 1621 1821 bei
1641 1785 1720 1821 sich

977 1839 1140 1879 (manum
1168 1847 1247 1870 cum
1272 1836 1367 1870 hoste
1393 1835 1486 1877 conf.
1512 1834 1548 1876 9,
1576 1838 1606 1875 5,
1635 1834 1706 1877 10.)

164 1932 243 1969 dass
277 1933 336 1968 ein
370 1933 585 1967 Anakoluth
616 1932 770 1967 eintritt.
820 1932 905 1966 Erst

163 1985 182 2023 ξ
210 1984 252 2015 15
288 1981 329 2015 iu
359 1981 453 2014 hanc
489 1981 700 2015 senteutiam
738 1980 791 2014 lu.
823 1990 904 2013 con-

162 2029 318 2072 scriptae
342 2027 476 2062 nimmt
501 2027 572 2061 den
592 2026 794 2062 Gedanken
818 2026 906 2061 wie-

163 2075 229 2111 der
254 2075 326 2109 auf.

211 2133 285 2157 uou
309 2122 411 2157 modo
432 2142 473 2146 --
494 2122 555 2156 secl
580 2121 702 2166 etiam]
730 2121 908 2156 wechselt

164 2169 234 2204 mit
264 2180 337 2204 uon
373 2170 487 2204 solum
520 2189 563 2193 -
595 2170 656 2204 sed
687 2179 824 2213 quoque
849 2168 907 2210 ab,

165 2216 333 2262 zugleich
346 2216 417 2250 mit
430 2217 513 2251 dem
527 2215 804 2259 Unterschiede,
826 2214 907 2249 dass

165 2265 226 2299 sed
263 2265 369 2298 etiam
407 2274 530 2308 aspere
566 2263 648 2298 eine
687 2263 909 2308 Steigerung

167 2311 328 2352 enthalt,
359 2311 537 2346 wahrend
567 2311 628 2346 sed
652 2321 788 2356 quoque
814 2310 908 2345 ohne

168 2357 248 2392 eine
273 2358 397 2393 solche
423 2358 577 2393 anreiht.

217 2409 270 2439 12.
304 2405 345 2438 iu
382 2404 510 2450 oeulis]
551 2421 594 2434 =
632 2405 673 2439 iu
711 2407 907 2449 conspectu.

168 2452 242 2497 vgl.
260 2463 288 2486 c.
312 2455 368 2493 35,
389 2456 407 2486 7
435 2452 475 2485 in
499 2452 579 2494 foro
602 2456 707 2496 atque
726 2452 839 2487 oculis
854 2480 861 2486 .
878 2479 884 2486 .
901 2480 908 2486 .

169 2499 369 2540 consulu-7223
401 2498 535 2532 ebenso
561 2499 656 2533 auch
674 2499 907 2543 fibertragen.

171 2558 199 2581 c.
217 2550 272 2589 39,
295 2550 338 2580 23
358 2556 447 2590 spes,
475 2556 565 2589 quae
584 2546 625 2579 iu
645 2546 758 2580 oculis
776 2546 908 2588 fuerat.

169 2607 204 2628 u.
231 2593 295 2628 oft.
346 2592 470 2627 Daher
505 2603 548 2626 ea:
579 2593 692 2627 oculis
717 2609 761 2620 =
788 2603 804 2626 e
829 2603 910 2626 cou-

169 2644 290 2686 spectu
310 2651 340 2674 c.
356 2644 411 2681 19,
427 2644 445 2674 7
460 2639 535 2684 vgl.
551 2639 616 2674 sub
637 2639 749 2674 oculis
764 2650 791 2673 0.
807 2643 864 2682 38,
879 2643 911 2673 9.

220 2692 273 2722 14.
312 2688 470 2722 coeundo
507 2685 811 2731 conferundoque]
853 2685 912 2719 die

173 2745 398 2779 synonymen
434 2734 507 2769 und
539 2733 661 2779 gleich
688 2743 912 2767 zusammen-

172 2783 361 2827 gesetzten
385 2782 509 2816 Verba
543 2780 706 2826 steigern
737 2780 809 2814 den
843 2779 912 2813 Be-

173 2829 260 2873 griff
291 2829 355 2864 der
386 2828 626 2873 energischen
649 2826 852 2862 'Offensive
882 2837 910 2860 0.

173 2879 240 2957 {ll}
269 2880 287 2910 7
319 2879 545 2911 transeamus
582 2875 912 2918 transferamusque

197 2934 213 2957 Θ
244 2934 314 2957 nvl-

1027 1887 1080 1918 15.
1114 1884 1155 1917 iu
1191 1884 1287 1917 hanc
1321 1881 1549 1926 seutentiam]
1588 1880 1662 1925 vgl.
1690 1891 1720 1914 c.

980 1934 1034 1973 11,
1062 1934 1092 1965 2.
1115 1947 1157 1959 =
1173 1941 1211 1964 so
1233 1929 1312 1964 dass
1333 1929 1398 1963 der
1417 1928 1507 1963 Sinn
1528 1927 1723 1970 entstand;

979 1977 1133 2013 deutsch
1153 1977 1222 2011 mit
1241 1977 1395 2012 anderer
1414 1975 1656 2020 Auffassung:
1676 1975 1721 2018 jin

980 2025 1118 2060 diesem
1146 2025 1266 2059 Sinne.

1027 2075 1180 2116 tempore
1205 2071 1324 2117 capto]
1353 2070 1534 2105 nachdem
1561 2069 1613 2104 sie
1640 2069 1722 2103 eine

980 2120 1157 2165 gelegene
1184 2119 1263 2153 Zeit
1296 2117 1540 2163 ausgewahlt.
1579 2117 1615 2161 3,
1641 2120 1673 2160 9,
1702 2121 1722 2151 7

980 2167 1198 2201 insidiatum
1240 2177 1319 2200 eum
1357 2169 1389 2200 et
1426 2168 1580 2209 tempore
1617 2167 1723 2208 capto

982 2215 1149 2249 adortum
1175 2214 1443 2257 rempublicam.

1031 2266 1084 2296 16.
1103 2261 1379 2306 transfugarum
1398 2259 1525 2305 unius]
1549 2258 1622 2294 Cic.
1643 2268 1722 2293 ver-

980 2309 1111 2343 bindet
1141 2319 1238 2343 uuus
1271 2307 1346 2342 und
1377 2308 1467 2342 alter
1492 2318 1561 2340 nur
1585 2305 1654 2340 mit
1679 2316 1723 2340 eJ:

981 2356 1055 2390 und
1088 2356 1146 2399 de,
1186 2354 1306 2390 ausser
1336 2354 1397 2389 bei
1428 2353 1722 2398 Aufz'ahlungen,

981 2414 1038 2438 wo
1065 2414 1103 2437 01·
1129 2413 1253 2437 earum
1278 2413 1366 2444 uua,
1398 2402 1513 2436 altera
1532 2402 1601 2437 etc.
1623 2398 1725 2444 saga

982 2451 1061 2485 Liv.
1078 2450 1144 2484 hat
1164 2450 1259 2484 auch
1278 2449 1375 2484 noch
1394 2448 1655 2493 fiberwiegend
1669 2458 1724 2490 ecc,

982 2498 1076 2532 doch
1101 2498 1196 2532 auch
1227 2497 1342 2531 sehon
1366 2496 1493 2541 haufig
1518 2496 1590 2530 den
1614 2494 1725 2530 Geni-

981 2545 1058 2588 tiv,
1101 2545 1197 2579 ohne
1232 2544 1344 2589 jeden
1378 2542 1623 2578 Unterschied
1661 2542 1727 2576 der

982 2591 1212 2636 Bedeutung.
1239 2592 1313 2636 vgl.
1346 2594 1364 2633 ξ
1393 2594 1446 2626 17.
1479 2591 1519 2625 id
1543 2601 1657 2625 uuum
1682 2599 1727 2623 ex

983 2639 1042 2673 iis.
1069 2649 1099 2674 c.
1125 2642 1181 2680 33,
1210 2642 1251 2672 11
1279 2649 1400 2672 eorum
1424 2648 1522 2672 uuus
1547 2638 1726 2681 pluresve.

985 2685 1064 2719 Liv.
1102 2687 1195 2719 setzt
1225 2686 1267 2719 cle
1298 2697 1366 2718 nur
1399 2684 1460 2719 bei
1486 2685 1726 2727 Truppenan-

984 2731 1124 2775 gaben,
1150 2731 1226 2765 und.
1251 2731 1321 2765 mit
1345 2730 1638 2776 pronominibus.
1664 2729 1727 2772 38,

986 2782 1041 2821 54,
1067 2782 1098 2813 4.
1125 2777 1187 2821 22,
1214 2781 1270 2820 59,
1298 2782 1329 2812 9.

1031 2826 1071 2859 id
1092 2852 1098 2859 .
1121 2852 1127 2859 .
1150 2853 1156 2860 .
1178 2824 1346 2870 arguere]
1373 2835 1448 2869 ary.
1475 2824 1541 2859 hat
1559 2824 1628 2859 wie
1654 2833 1727 2859 mo—

984 2882 1059 2916 neo,
1075 2882 1171 2917 coyo,
1192 2882 1318 2906 accuso
1340 2871 1410 2906 den
1425 2870 1625 2916 doppelten
1639 2872 1725 2906 Acc.

986 2919 1046 2954 bei
1073 2919 1160 2963 sich,
1180 2929 1287 2953 wenn
1308 2918 1367 2953 die
1389 2918 1505 2954 Sache
1526 2919 1641 2953 durch
1661 2918 1727 2952 das
