1963 3308
197 688 250 730 13
268 703 490 742 panorum.

216 935 235 965 2
265 939 367 966 9386.

268 109 324 152 26
750 109 893 145 LIBER
918 110 1048 144 XXVI.
1101 110 1200 147 CAP.
1228 115 1281 147 12.
1311 115 1363 146 13.

267 232 358 260 rem
392 218 647 272 aperuisset,
687 231 865 272 arguere
899 232 991 258 sese
1023 220 1220 271 paratam
1251 233 1355 259 esse.

1663 129 1688 147 a.
1710 129 1738 146 u.
1757 122 1819 148 543.

1417 219 1646 273 productus
1678 220 1817 274 primo

268 278 372 318 satis
399 278 645 318 constanter
670 276 870 330 ignorare
897 290 941 317 se
968 276 1188 317 mulierem
1214 277 1462 332 simulabat,
1488 279 1696 332 paulatim
1722 278 1818 320 dein

267 336 485 377 convictus
518 335 647 388 veris,
686 349 783 376 cum
822 337 1037 376 tormenta
1067 335 1186 390 posci
1219 337 1261 376 et
1290 335 1435 389 parari
1464 337 1643 391 videret,
1674 337 1816 379 fassus

198 406 240 436 is
267 394 309 435 id
340 395 401 434 ita
428 408 531 444 esse,
564 393 816 448 litteraeque
843 394 1049 448 prolatae,
1082 396 1125 435 et
1150 393 1342 435 additum
1368 394 1497 435 etiam
1522 395 1676 438 indicio
1704 397 1816 452 quod

267 452 503 506 celabatur,
545 454 587 493 et
632 453 738 494 alios
784 453 923 507 specie
968 452 1288 508 transfugarum
1327 452 1536 494 Numidas
1579 456 1728 510 vagari
1772 456 1817 496 in

197 523 237 553 19
265 511 415 552 castris
448 511 664 553 Romanis.
714 511 745 552 ii
772 526 902 567 supra
928 512 1202 567 septuaginta
1229 512 1469 566 comprensi
1495 514 1537 553 et
1563 527 1656 554 curn
1681 516 1816 555 trans-

266 570 379 625 fugis
410 571 531 612 novis
564 571 738 612 mulcati
771 570 903 626 virgis
936 571 1218 625 manibusque
1251 571 1455 625 praecisis
1489 569 1679 625 Capuam
1709 573 1817 614 redi-

266 632 437 684 guntur.
486 632 761 685 conspectum
792 632 883 671 tam
915 630 1039 671 triste
1066 630 1322 684 supplicium
1347 630 1477 685 fregit
1504 631 1667 672 animos
1694 629 1816 672 Cam-

553 703 784 731 concursus
818 689 870 730 ad
903 689 1063 730 curiam
1094 689 1243 743 populi
1274 689 1411 730 factus
1444 689 1585 744 coegit
1616 688 1817 731 Loesium

264 750 457 789 senatum
489 762 664 801 vocare3
704 750 745 789 et
776 748 1054 802 primoribUS,
1092 748 1164 802 qui
1195 748 1281 789 iam
1308 748 1378 789 diu
1410 748 1592 802 publicis
1625 749 1815 790 consiliis

264 807 455 860 aberant,
487 807 709 860 propalam
741 807 1036 861 minabantur,
1062 807 1147 848 nisi
1178 807 1371 848 venirent
1396 807 1442 848 in
1468 810 1672 861 senatum,
1705 808 1817 849 circa

263 866 411 908 domos
445 880 591 906 eorum
629 866 764 907 ituros
807 879 851 906 se
890 868 931 907 et
967 866 1012 907 in
1049 866 1266 919 publicum
1298 880 1444 908 omnes
1476 866 1518 907 vi
1550 868 1814 908 extracturos

428 924 465 965 is
498 925 628 966 timor
660 924 926 979 frequentem
959 927 1153 966 senatum
1185 925 1458 979 magistratui
1490 925 1700 978 praebuit.
1754 926 1815 967 ibi

263 997 358 1024 cum
390 984 519 1025 ceteri
552 983 601 1025 de
632 984 785 1038 legatis
818 983 1039 1025 mittendis
1076 983 1128 1024 ad
1160 983 1440 1037 imperatores
1468 983 1685 1026 Romanos
1719 997 1813 1039 age-

262 1045 368 1097 rent,
395 1042 549 1084 Vibius
576 1042 755 1093 Virrius,
788 1043 859 1097 qui
886 1042 1137 1084 defectionis
1165 1044 1313 1083 auctor
1340 1043 1392 1084 ab
1424 1042 1629 1085 Romanis
1662 1043 1813 1094 fuerat,

211 1113 233 1144 3
261 1101 553 1156 interrogatus
587 1101 843 1143 sententiam
880 1104 1012 1156 negat
1043 1116 1133 1155 eos,
1172 1102 1244 1155 qui
1282 1101 1332 1142 de
1363 1101 1519 1156 legatis
1553 1104 1596 1143 et
1628 1102 1677 1143 de
1708 1117 1812 1156 pace

263 1175 309 1201 ac
343 1161 557 1202 deditione
588 1161 832 1215 loquantur,
863 1161 1118 1215 meminisse,
1149 1174 1226 1202 nec
1259 1160 1359 1214 quid
1391 1160 1546 1201 facturi
1577 1160 1745 1215 fuerint,
1778 1161 1814 1202 si

261 1219 478 1261 Romanos
505 1220 549 1260 in
582 1222 796 1274 potestate
822 1220 1085 1273 habuissent,
1112 1233 1190 1261 nec
1216 1219 1317 1274 quid
1342 1219 1446 1273 ipsis
1473 1219 1721 1273 patiendum
1749 1220 1815 1262 sit.

211 1290 234 1319 4
263 1278 406 1332 ‘quidP
433 1278 524 1320 vos'
551 1279 691 1333 inquit
723 1278 831 1320 ‘eam
858 1279 1116 1321 deditionem
1142 1279 1234 1320 fore
1262 1279 1455 1333 censetis,
1482 1293 1566 1332 qua
1587 1278 1814 1334 quondam,

263 1343 310 1378 ut
351 1338 551 1380 adversus
586 1336 800 1380 Samnites
843 1339 1048 1380 auxilium
1086 1338 1428 1392 impetraremus,
1466 1351 1544 1378 nos
1582 1339 1813 1392 nostraque

212 1408 233 1438 5
262 1397 405 1438 omnia
436 1396 642 1438 Romanis
677 1397 949 1439 dedidimus?
981 1397 1067 1438 iam
1100 1411 1120 1438 e
1147 1397 1352 1438 memoria
1378 1397 1569 1450 excessit,
1600 1411 1682 1451 quo
1708 1399 1814 1438 tem-

259 1470 361 1510 pore
401 1459 441 1497 et
479 1456 524 1497 in
562 1471 645 1510 qua
682 1457 856 1498 fortuna
895 1472 919 1498 a
950 1456 1109 1511 populo
1142 1455 1336 1497 Romano
1370 1455 1676 1497 defecerimus?
1715 1456 1813 1510 iam,

260 1529 385 1570 quem
412 1515 464 1556 ad
491 1515 664 1557 modum
688 1516 733 1556 in
760 1515 994 1558 defectione
1020 1514 1294 1569 praesidium,
1327 1515 1440 1569 quod
1465 1516 1637 1568 poterat
1663 1515 1812 1570 emitti,

257 1679 439 1713 Neutrum
471 1679 570 1713 eines
606 1679 829 1713 Pronomens
869 1689 997 1723 ausge-

256 1726 393 1760 drsickt
419 1725 519 1760 wird.
570 1726 629 1770 35,
650 1729 682 1770 8,
704 1730 722 1761 7
748 1738 793 1761 ne
818 1737 858 1761 ea
879 1737 998 1761 coram

255 1776 423 1817 argyueret
448 1773 508 1817 45,
535 1777 590 1817 24,
617 1778 649 1808 4.

303 1833 485 1866 convictus
510 1833 619 1878 veris]
647 1832 762 1867 durch
788 1832 847 1867 die
866 1832 998 1867 Wahr-

256 1879 344 1920 heit,
365 1879 479 1914 durch
491 1879 737 1923 Thatsachen‚
759 1880 817 1914 die
839 1891 875 1914 er
896 1879 999 1914 nicht

254 1927 294 1961 in
308 1926 453 1961 Abrede
474 1927 608 1961 stellen
628 1927 777 1969 konnte,
793 1927 995 1961 uberffihrt.

254 1974 289 2017 6,
323 1978 378 2018 26,
414 1978 432 2008 7
467 1975 602 2008 revicta
633 1975 738 2009 rebus
770 1975 884 2009 verbis
916 1985 996 2009 con-

256 2021 378 2063 futare
406 2021 500 2055 nihil
527 2022 664 2056 attinet.

305 2072 357 2102 19.
396 2069 565 2102 manibus
603 2069 795 2113 praecisis]
835 2068 894 2102 die
936 2079 996 2111 ge-

254 2113 465 2150 wohnliche
499 2114 618 2150 Strafe
655 2116 712 2149 fiir
739 2115 886 2159 Spione.
936 2115 996 2157 22,

254 2166 311 2204 33,
344 2166 364 2196 2
410 2163 612 2206 speculator
649 2163 843 2206 deprensus
879 2163 996 2196 mani-

253 2210 387 2254 busque
406 2210 585 2253 praecisis
611 2210 788 2243 dimissus.

302 2256 476 2301 recliyere]
505 2256 560 2291 oft
587 2273 630 2284 =
658 2256 811 2301 jemand
842 2256 996 2300 gewalt—

255 2315 334 2337 sam
367 2304 462 2337 nach
495 2303 612 2338 einen]
651 2305 738 2338 Orte
769 2303 995 2345 hintreiben3

257 2351 330 2395 vgl.
359 2352 399 2385 in
431 2354 552 2385 castra
576 2351 704 2395 redigt.
739 2362 766 2385 c.
797 2354 850 2392 10,
877 2354 908 2385 5.
935 2349 996 2393 21,

254 2401 288 2441 9,
315 2401 348 2432 2.

302 2468 329 2490 c.
360 2456 418 2499 13,
442 2460 470 2490 1.
492 2467 686 2491 concursus
706 2457 754 2491 ad
774 2456 912 2490 curiam
927 2466 995 2500 po-

246 2504 348 2549 puli]
384 2503 443 2538 die
475 2503 699 2538 auffallende
726 2503 996 2547 Wortstellung

253 2551 393 2586 erklart
418 2550 497 2585 sich
529 2561 582 2594 so,
617 2550 697 2584 dass
729 2561 923 2585 concursus
949 2551 997 2585 ad

251 2599 392 2633 curiam
418 2597 524 2632 einen
544 2597 685 2642 Begriff
700 2596 830 2641 bildet,
850 2609 892 2631 zu
913 2597 996 2631 dem

246 2646 380 2689 populi
405 2645 459 2680 als
478 2645 615 2679 nabere
635 2645 890 2689 Bestimmung
914 2644 995 2678 hin-

252 2692 389 2727 zutrit-t.
441 2703 471 2727 c.
492 2696 548 2736 21,
571 2697 613 2726 14
633 2695 717 2736 post
736 2692 996 2736 profectionem

252 2751 296 2774 ecc
330 2739 461 2774 Sicilia
506 2740 678 2774 Marcelli
712 2739 786 2773 und
824 2750 862 2774 so
900 2739 995 2774 noch

254 2786 365 2820 ofters
384 2786 445 2821 bei
464 2797 536 2821 von
550 2786 681 2821 Verbis
702 2786 765 2821 der
785 2787 995 2831 Bewegung

251 2833 505 2876 abgeleiteten
531 2832 787 2868 Substantivis.

302 2884 333 2914 2.
349 2881 489 2923 auctor]
510 2881 635 2916 tremit
656 2880 771 2915 durch
791 2880 889 2915 scine
904 2879 996 2914 Stel-

1070 1678 1161 1723 lung
1181 1678 1239 1712 die
1255 1677 1669 1723 zusammengehorigen
1682 1677 1810 1712 Worte

1071 1726 1279 1768 defectionis
1317 1726 1361 1760 ab
1393 1724 1571 1759 Romanis
1607 1724 1683 1758 und
1719 1725 1812 1759 wird

1071 1773 1234 1807 dadurch
1278 1773 1590 1817 hervorgehoben.
1633 1771 1674 1816 3,
1716 1776 1753 1814 5,
1790 1775 1809 1806 6

1070 1821 1224 1855 hostium
1250 1820 1294 1855 ab
1321 1823 1418 1864 tergo
1443 1820 1631 1854 incursum
1657 1819 1760 1854 vidit.

1118 1884 1148 1913 3.
1170 1879 1416 1923 interrogatus
1435 1878 1662 1923 sententiam]
1684 1879 1806 1913 interr.

1070 1937 1096 1962 s.
1113 1926 1188 1969 (30,
1204 1930 1259 1969 23,
1277 1929 1309 1970 1)
1325 1926 1412 1961 oder
1431 1928 1580 1970 royatus
1598 1926 1810 1960 sententiam

1071 1972 1146 2016 (28,
1169 1977 1224 2017 40,
1245 1974 1279 2017 3)
1306 1972 1522 2008 bezeichnet
1548 1971 1607 2007 die
1634 1972 1809 2017 Umfrage

1069 2020 1201 2054 behufs
1221 2020 1483 2064 Abstimmung
1510 2019 1575 2054 der
1595 2019 1808 2062 Senatoren,

1070 2067 1230 2102 welcher
1267 2067 1461 2101 Ausdruck
1503 2078 1575 2100 von
1618 2066 1703 2101 dem
1740 2065 1808 2100 Ge-

1072 2113 1297 2149 sch'aftsstile
1318 2114 1382 2148 der
1400 2113 1608 2148 romischen
1624 2111 1731 2147 Curie
1746 2112 1811 2147 auf

1070 2161 1129 2196 die
1156 2160 1415 2205 campanische
1442 2161 1666 2205 fibertragen
1692 2159 1748 2194 ist.

1117 2224 1148 2254 4.
1174 2220 1308 2264 inquit]
1335 2218 1414 2253 Liv.
1446 2218 1582 2253 mischt
1611 2218 1715 2253 nicht
1741 2219 1807 2253 sel-

1068 2268 1132 2301 ten
1153 2267 1295 2301 direkte
1316 2266 1390 2300 und
1410 2265 1593 2300 indirekte
1613 2265 1713 2300 Rede
1733 2265 1808 2300 und

1068 2314 1158 2359 geht
1194 2312 1421 2348 namentlich
1452 2323 1525 2347 von
1560 2313 1731 2347 letzterer
1763 2325 1807 2347 zu

1069 2363 1221 2396 ersterer
1240 2361 1340 2404 fiber,
1361 2371 1467 2394 wenn
1486 2361 1566 2394 eine
1587 2359 1807 2405 Steigerung

1068 2408 1130 2443 des
1150 2407 1316 2442 Affektes
1343 2407 1407 2441 des
1426 2406 1590 2441 Redners
1614 2419 1696 2441 zum
1715 2408 1806 2442 Aus—

1069 2455 1183 2490 druck
1213 2455 1387 2490 kommen
1419 2454 1505 2496 soll,
1543 2453 1663 2489 wobei
1687 2455 1808 2499 inquit

1069 2503 1213 2545 stehen,
1241 2502 1330 2536 aber
1355 2502 1449 2536 auch
1474 2501 1600 2536 fehlen
1624 2501 1740 2545 kann3
1766 2512 1804 2536 so

1070 2550 1164 2585 ohne
1190 2550 1326 2594 inquit:
1354 2560 1382 2583 c.
1411 2552 1466 2591 36,
1493 2553 1525 2582 3.

1116 2598 1287 2632 adversus
1307 2595 1500 2640 Samnites]
1528 2595 1580 2629 Im
1605 2594 1716 2628 Jahre
1736 2598 1804 2629 343

1068 2644 1185 2679 sollen
1210 2643 1269 2678 die
1295 2642 1514 2687 Campaner,
1545 2641 1725 2675 nachdem
1752 2641 1803 2676 sie

1068 2692 1139 2726 den
1165 2690 1371 2726 Samnitem
1396 2689 1543 2733 erlegen
1568 2698 1708 2730 waren,
1733 2688 1804 2723 den

1067 2737 1245 2773 Beistand
1270 2737 1334 2771 der
1358 2736 1492 2770 Remer
1517 2745 1636 2779 gegen
1662 2734 1720 2769 die
1745 2735 1802 2770 bis

1070 2785 1181 2819 dahin
1219 2784 1288 2817 mit
1321 2782 1519 2817 denselben
1549 2781 1803 2817 verbundeten

1069 2831 1252 2866 Samniter
1283 2829 1397 2864 durch
1429 2828 1509 2863 eine
1540 2828 1707 2863 formelle
1732 2828 1803 2863 De-

1070 2878 1186 2913 dition
1212 2875 1370 2912 erreicht
1390 2876 1520 2911 haben.
1548 2875 1629 2921 Vgl.
1659 2876 1691 2920 7,
1707 2879 1751 2911 30
1765 2875 1800 2911 ff.
