1963 3308
153 188 178 205 n.
199 179 264 206 Chr.
287 187 316 204 n.
338 180 398 205 210.

705 169 850 205 LIBER
876 170 1006 204 XXVI.
1058 169 1158 205 CAP.
1186 173 1241 205 40.
1659 169 1715 211 85

154 281 246 320 erat
277 278 512 331 imperator
545 276 985 333 Carthaginiensium,
1022 277 1095 319 sed
1129 292 1297 320 omnem
1330 278 1374 319 in
1406 276 1591 319 Muttine
1623 276 1713 319 Nu-

153 336 363 390 midisque
396 350 513 391 spem
544 336 775 391 repositam
808 336 1039 378 habebant.
1088 350 1165 391 per
1195 339 1333 379 totam
1353 334 1545 379 Siciliam
1577 349 1713 391 vagus
1741 345 1762 376 4

149 395 332 450 praedas
361 396 518 450 agebat
544 410 592 437 ex
619 396 748 437 sociis
768 395 1062 438 Romanorum
1088 410 1224 450 neque
1256 396 1485 438 intercludi
1513 396 1565 437 ab
1588 394 1714 450 Agri-

152 456 283 509 gento
309 454 351 495 vi
379 457 454 496 aut
480 457 570 496 arte
598 455 696 508 ulla,
726 469 816 508 nec,
842 454 943 508 quin
971 457 1214 508 erumperet
1236 455 1308 496 ubi
1329 455 1471 509 vellet,
1496 454 1716 509 prohiberi

151 515 331 567 poterat.
388 513 494 554 haec
527 513 618 555 eius
650 514 788 568 gloria
820 514 919 568 quia
950 513 1036 553 iam
1068 513 1342 567 imperatoris
1376 527 1542 568 quoque
1575 513 1714 555 famae
1742 521 1761 552 5

152 570 386 626 officiebat,
429 574 649 626 postremo
693 572 740 612 111
782 571 985 612 invidiam
1030 572 1177 623 vertit,
1225 574 1272 612 ut
1316 586 1368 613 ne
1412 572 1520 613 bene
1566 574 1714 626 gestae

154 630 324 684 quidem
356 645 423 673 res
455 632 541 672 iam
561 629 767 671 Hannoni
798 632 974 683 propter
1006 632 1222 671 auctorem
1252 631 1357 671 satis
1388 630 1527 671 laetae
1560 630 1714 672 ess'ent.

151 692 369 743 postremo
402 689 715 744 praefecturam
747 688 836 729 eius
869 688 957 730 filio
991 703 1067 729 suo
1101 688 1234 742 dedit,
1266 691 1384 730 ratus
1411 703 1507 730 cum
1534 689 1713 743 imperio
1742 699 1761 730 6

152 749 453 790 auctoritatem
486 761 653 802 quoque
686 747 724 788 ei
756 747 867 788 inter
891 745 1101 788 Numidas
1135 750 1391 802 erepturum.
1442 747 1555 802 quod
1586 748 1714 802 longe

152 806 276 848 aliter
308 807 458 849 evenit.
515 820 617 847 nam
650 808 836 847 veterem
875 805 1065 848 favorem
1099 806 1188 847 eius
1228 821 1304 848 sua
1341 806 1517 861 insuper
1554 806 1715 848 invidia
1743 817 1760 847 7

151 865 287 919 auxit3
326 879 463 920 neque
501 864 572 906 ille
611 865 917 920 indignitatem
955 865 1136 906 iniuriae
1174 865 1273 907 tulit
1313 866 1623 921 confestimque
1662 865 1715 907 ad

150 923 382 965 Laevinum
416 923 605 965 occultos
637 923 813 965 nuntios
846 924 963 965 misit
995 924 1045 965 de
1084 923 1289 966 tradendo
1324 925 1579 980 Agrigento.

1640 940 1716 979 per
1741 933 1762 964 8

151 995 257 1036 quos
284 984 332 1023 ut
358 986 424 1024 est
448 982 563 1024 facta
588 978 691 1023 fides
719 983 1066 1037 compositusque
1092 984 1153 1025 rei
1181 983 1392 1038 gerendae
1418 984 1587 1037 modus,
1618 998 1713 1038 por-

148 1042 238 1082 tam
270 1041 322 1082 ad
355 1056 472 1083 mare
512 1041 723 1083 ferentem
754 1040 969 1083 Numidae
1002 1057 1097 1083 cum
1131 1044 1411 1096 occupassent
1450 1042 1586 1096 pulsis
1617 1042 1716 1083 inde

149 1099 397 1141 custodibus
433 1103 507 1142 aut
538 1101 690 1155 caesis,
724 1100 940 1142 Romanos
975 1100 1026 1142 ad
1058 1102 1103 1142 id
1132 1101 1274 1156 ipsum
1300 1101 1456 1143 missos
1489 1102 1532 1142 in
1565 1101 1715 1142 urbem

148 1161 416 1213 acceperunt.

486 1161 527 1200 et
572 1174 667 1201 cum
713 1160 884 1214 agmine
928 1160 1014 1201 iam
1059 1160 1102 1201 in
1146 1159 1283 1202 media
1322 1160 1440 1202 urbis
1481 1174 1529 1201 ac
1572 1160 1712 1201 forum
1741 1169 1760 1199 9

146 1231 305 1272 magno
337 1218 524 1259 tumultu
549 1218 703 1272 iretur,
735 1221 854 1259 ratus
875 1218 1031 1260 Hanno
1057 1233 1145 1260 non
1173 1219 1286 1260 aliud
1321 1234 1448 1274 quam
1480 1220 1715 1260 tumultum

148 1290 198 1317 ac
236 1277 537 1330 secessionem,
579 1277 621 1318 id
660 1277 771 1330 quod
812 1280 854 1318 et
886 1280 986 1319 ante
1020 1277 1248 1328 acciderat,
1287 1277 1570 1320 Numidarum
1612 1292 1716 1331 esse,

147 1390 208 1414 am
244 1380 391 1425 Ansang
429 1381 492 1414 des
525 1381 651 1415 Satzes
689 1380 897 1425 bekraftigt

146 1437 649 1509 ζὲἷέἒῖἶῖῗξὲἓὲθέἔὲὶέἷὲἲῃ
658 1427 896 1519 ἳὲῗὲἶῗώὲἒῗ

145 1520 357 1565 haufigsten
402 1521 462 1555 bei
502 1531 581 1556 sum
626 1521 700 1555 und
732 1522 897 1566 weniger

146 1567 410 1612 signifikanten
437 1568 593 1603 Verben.
633 1568 699 1612 24,
729 1573 792 1613 34,
820 1574 836 1603 1
866 1573 897 1604 et

147 1615 338 1650 habuisset.
367 1612 427 1657 25,
455 1618 486 1657 8,
514 1619 533 1649 9
561 1619 592 1650 et
618 1619 704 1651 erat.
732 1615 767 1659 6,
795 1620 849 1659 11,
875 1620 895 1650 9

146 1665 178 1695 et
203 1665 289 1696 erat.
324 1661 358 1704 2,
387 1666 446 1705 11,
481 1666 500 1696 6
528 1666 559 1697 et
584 1663 693 1697 sciere
717 1674 751 1697 u.
779 1666 841 1707 ⁶28,
872 1666 892 1698 8

148 1711 179 1743 et
206 1709 415 1753 apparebat.

196 1755 374 1801 Muttine]
402 1755 461 1798 25,
488 1759 544 1799 40,
572 1760 591 1790 5
621 1756 732 1791 heisst
756 1767 809 1791 er:
836 1758 894 1792 vir

147 1803 300 1847 impiyer
332 1806 364 1836 et
391 1803 456 1837 sub
483 1803 697 1838 Hannibale
721 1805 894 1848 magistro

148 1859 266 1884 omnes
292 1849 374 1884 belli
400 1853 494 1884 artes
525 1851 677 1885 edoctus.

194 1899 227 1930 4.
247 1897 409 1940 praedas
441 1897 567 1941 agebat
598 1909 642 1932 ea:
666 1898 794 1943 sociis]
826 1909 892 1933 aus

147 1943 230 1978 dem
258 1942 410 1978 Gebiete
442 1943 506 1978 der
533 1944 590 1987 B.;
626 1945 695 1979 wie
727 1945 786 1989 29,
813 1950 846 1989 4,
874 1950 891 1979 7

143 1990 304 2034 praedas
329 1991 488 2035 inyeutes
513 2002 556 2026 eoe
585 2003 673 2036 ayro
698 1993 828 2026 inermi
849 2013 891 2017 —

149 2040 318 2081 ayentem.

192 2085 283 2128 quin
314 2089 510 2129 erumperet
540 2106 583 2110 —
610 2086 799 2130 prohiberi
825 2097 891 2131 po-

145 2132 253 2175 terat]
266 2130 342 2166 Liv.
362 2131 429 2166 hat
440 2133 633 2176 proh-ibere
645 2145 715 2167 nur
731 2133 811 2167 hier
824 2133 893 2168 mit

145 2179 253 2222 quim
277 2189 346 2212 nur
372 2177 432 2222 25,
460 2182 515 2222 35,
543 2183 562 2213 6
589 2180 658 2214 mit
682 2182 892 2224 quominus;

145 2224 338 2260 bisweilen
358 2225 427 2260 mit
445 2237 489 2260 ue
508 2226 584 2260 und
597 2226 636 2261 in
650 2227 720 2261 den
734 2227 893 2262 meisten

145 2271 275 2306 Fallen
307 2271 377 2306 mit
407 2272 469 2307 inf.
505 2273 593 2308 oder
624 2285 743 2309 accus.
771 2285 800 2309 c.
826 2275 891 2310 inf.

144 2318 375 2361 verbunden3
412 2319 580 2365 dagegen
606 2321 742 2355 andere
769 2321 893 2356 Verba

146 2364 210 2399 des
238 2363 490 2400 Verbinderns
523 2368 647 2402 haben
678 2367 890 2403 unbedenk-

145 2409 223 2445 lich
255 2413 362 2455 quin:
401 2423 429 2446 c.
462 2417 524 2457 44,
558 2418 578 2448 9
615 2425 752 2457 arcere,
791 2417 890 2459 quin.

147 2457 180 2500 2,
191 2461 245 2501 19,
254 2462 276 2491 4
288 2459 460 2493 sustineri
473 2470 547 2494 nou
564 2463 697 2504 potuit,
709 2463 801 2506 quin
811 2474 846 2498 u.
858 2473 890 2497 a.

194 2508 224 2538 5.
252 2505 372 2547 famae
396 2506 591 2552 officiebat]
618 2508 723 2542 Auch
748 2507 809 2551 25,
835 2513 891 2552 40,

149 2555 192 2585 12
218 2551 332 2586 heisst
353 2551 484 2587 Hanno
505 2554 641 2588 anxius
659 2555 797 2598 ylariae
815 2556 893 2590 eius

146 2598 342 2641 (Muttinis
339 2602 415 2642 ).—
425 2600 565 2642 officio:
581 2600 729 2645 cigentl.
740 2602 892 2646 Jemand

146 2644 210 2679 das
225 2645 335 2680 Licht
354 2646 551 2690 verbauen,
572 2646 686 2681 dann:
709 2647 748 2681 in
764 2647 891 2682 Sebat-

143 2692 208 2726 ten
231 2692 374 2727 stellen.
407 2692 467 2736 38,
489 2696 544 2735 58,
566 2698 585 2728 9
609 2704 654 2727 ne
679 2695 892 2738 maynitudo

144 2742 177 2772 et
201 2739 369 2782 splendor
398 2740 507 2785 Zeyati
533 2741 706 2775 laudibus
734 2741 892 2775 consulis

146 2785 311 2828 officeret.
350 2786 434 2831 Vgl.
456 2787 577 2830 praef.
606 2791 637 2821 3.

194 2836 223 2867 6.
246 2833 532 2879 praefecturam]
564 2834 665 2869 seine
693 2834 806 2869 Stelle
834 2834 888 2869 als

140 2879 366 2922 praefectus;
401 2881 433 2914 d.
461 2881 497 2914 h.
530 2880 610 2916 hier
641 2880 748 2916 nicht
778 2881 889 2916 Kom-

144 2925 322 2961 mandant
359 2926 461 2961 einer
498 2928 558 2963 ala
597 2928 684 2972 (wie
720 2928 782 2963 bei
818 2929 889 2963 den

968 1381 1158 1426 Romern),
1186 1382 1341 1416 sondern
1370 1382 1434 1416 der
1459 1382 1715 1416 numidischen

970 1428 1133 1462 Reiterei
1159 1429 1197 1463 in
1220 1428 1370 1463 Sicilien
1396 1429 1616 1473 fiberhaupt.
1655 1428 1715 1473 25,

969 1479 1026 1518 40,
1051 1480 1070 1510 6
1091 1476 1175 1511 huic
1193 1476 1285 1519 (M.)
1304 1476 1490 1511 Numidae
1509 1478 1590 1511 dati
1609 1477 1718 1511 auxi·-

970 1523 1088 1557 liares.

1018 1574 1049 1604 7.
1065 1570 1320 1614 indignitatem
1334 1571 1512 1616 iniuriae]
1532 1570 1612 1605 ‘das
1625 1570 1716 1605 Ver—

968 1617 1136 1651 letzende
1149 1617 1268 1652 seiner
1277 1618 1604 1662 Zuriicksetzung’.
1624 1617 1716 1652 Sub-

968 1663 1201 1699 stantivierte
1234 1665 1377 1699 Neutra
1413 1665 1476 1700 des
1501 1665 1716 1699 Deutschen

968 1711 1051 1745 sind
1089 1711 1214 1756 haufig
1255 1712 1370 1746 durch
1408 1712 1471 1747 lat.
1511 1712 1718 1747 Abstrakta

966 1757 1281 1802 wiederzugeben.
1333 1759 1556 1803 iudiyuitas:
1586 1760 1626 1803 1,
1659 1764 1715 1803 34,

968 1809 997 1839 5.
1033 1805 1067 1847 2,
1096 1809 1127 1847 7,
1157 1810 1175 1840 7
1201 1818 1235 1840 u.
1263 1817 1294 1841 o.

1015 1855 1046 1887 8.
1074 1856 1115 1886 ut
1143 1856 1193 1887 est
1218 1853 1319 1895 facta
1338 1873 1381 1878 ——
1404 1853 1591 1887 Numidae
1617 1853 1713 1898 eum]

967 1898 1044 1933 Vor
1072 1899 1155 1933 dem
1176 1900 1329 1935 zweiten
1355 1900 1588 1944 temporalen
1609 1899 1716 1934 Satze

966 1946 1037 1980 mit
1074 1956 1154 1980 eum
1191 1946 1241 1980 ist
1278 1946 1329 1980 im
1362 1946 1573 1981 Deutschen
1608 1946 1713 1980 ‘und'

968 1992 1266 2037 einzusehieben,
1302 1994 1476 2028 wahrend
1508 1993 1558 2028 im
1592 1993 1716 2028 Latei-

967 2039 1120 2074 nischen
1159 2039 1249 2075 zwei
1289 2040 1412 2083 Satze,
1457 2040 1516 2075 die
1559 2040 1598 2074 in
1635 2051 1715 2075 ver-

967 2086 1202 2121 schiedenem
1246 2087 1441 2122 zeitlichen
1485 2087 1715 2122 Verh'altniss

966 2145 1048 2167 zum
1068 2134 1300 2178 Hauptsatze
1328 2135 1474 2178 stehen,
1502 2134 1716 2169 demselben

967 2181 1199 2225 asyndetisch
1231 2183 1480 2216 vorantreten.
1523 2192 1551 2218 c,
1585 2185 1648 2225 48,
1681 2184 1714 2216 8.

968 2227 1033 2270 25,
1062 2232 1122 2271 15,
1152 2233 1195 2262 15
1227 2239 1306 2262 cum
1341 2229 1555 2272 accepissent
1582 2249 1625 2253 —
1652 2229 1717 2263 ubi

965 2275 1143 2309 viderunt.

1014 2325 1045 2356 9.
1066 2332 1141 2356 riou
1167 2322 1273 2356 aliud
1298 2321 1430 2367 quam]
1461 2322 1513 2356 ‘es
1540 2322 1592 2356 sei
1617 2322 1714 2358 nur’.

966 2368 1043 2403 Auf
1065 2369 1170 2403 aliud
1196 2369 1265 2402 mit
1289 2368 1390 2403 einer
1409 2369 1597 2413 Negation
1616 2369 1715 2414 folgt

965 2415 1026 2450 bei
1066 2415 1141 2450 Liv.
1189 2416 1265 2450 fast
1308 2417 1440 2450 immer
1476 2427 1606 2459 quam;
1645 2428 1715 2450 nur

965 2463 1083 2496 selten
1115 2464 1207 2496 uisi:
1245 2462 1310 2505 25,
1345 2467 1383 2505 4,
1418 2467 1448 2497 5.
1485 2463 1551 2505 27,
1585 2467 1648 2506 36,
1680 2467 1712 2496 4.

965 2508 1027 2551 28,
1055 2513 1112 2551 27,
1140 2514 1169 2543 5.

1012 2557 1052 2590 id
1083 2557 1199 2601 quod‘]
1234 2556 1299 2590 das
1332 2555 1516 2590 Neutrum
1548 2555 1611 2590 des
1643 2556 1714 2590 Re-

965 2602 1076 2637 lativs
1099 2603 1225 2645 ‘was',
1258 2603 1418 2638 welches
1449 2603 1528 2637 sich
1553 2602 1619 2637 auf
1643 2604 1714 2637 den

965 2649 1090 2683 Inhalt
1115 2650 1215 2683 eines
1240 2660 1383 2693 ganzen
1406 2649 1534 2684 Satzes
1553 2649 1713 2692 bezieht‚

964 2694 1058 2728 wird
1096 2697 1188 2729 stets
1226 2696 1342 2729 durch
1381 2697 1421 2730 id
1452 2696 1547 2739 quod
1584 2706 1713 2739 ausge-

966 2741 1100 2775 drfickt
1132 2742 1207 2775 und
1240 2742 1361 2776 dieser
1391 2741 1620 2776 Relativsatz
1651 2742 1713 2776 bei

964 2787 1043 2822 Liv.
1055 2787 1293 2832 regelm'assig
1304 2788 1486 2823 zwischen
1499 2788 1558 2823 die
1570 2788 1712 2833 Worte,

963 2846 1005 2868 zu
1033 2834 1151 2869 denen
1178 2845 1217 2869 er
1242 2835 1392 2878 gehort,
1428 2835 1711 2878 eingeschoben.

964 2885 982 2923 5
1004 2885 1047 2916 16
1073 2882 1112 2916 id
1137 2882 1241 2925 quod.
1280 2881 1321 2924 3,
1349 2885 1411 2923 26,
1439 2886 1458 2916 9
1485 2883 1585 2925 operi
1609 2886 1711 2926 certe,

963 2929 1003 2962 id
1029 2929 1123 2972 quod
1148 2932 1297 2972 constat,
1324 2930 1458 2973 ayresti
1483 2930 1653 2964 intentus.
