1963 3308
150 968 206 1010 24

221 154 278 196 50
688 155 831 190 LIBER
855 155 986 190 XXVI.
1038 155 1136 192 CAP.
1164 160 1219 191 23.
1247 160 1302 190 24.

1608 174 1633 192 a.
1656 175 1685 193 u.
1707 168 1773 194 543.

175 272 195 304 5
222 263 334 305 cidit.
379 265 421 304 et
439 262 663 317 Anagniae
690 265 733 303 et
751 261 960 316 Fregellis
984 263 1230 304 nuntiatum
1256 267 1322 305 est
1347 279 1515 306 murum
1542 269 1774 320 portasque

221 322 272 363 de
298 322 413 363 caelo
445 323 603 373 tactas,
635 322 678 361 et
701 320 748 360 in
778 320 872 361 foro
893 319 1134 363 Subertano
1161 322 1384 376 sanguinis
1410 324 1522 365 rivos
1554 339 1630 379 per
1661 325 1774 366 diem

220 383 360 422 totum
397 379 587 432 fluxisse,
631 383 674 420 et
709 378 832 420 Ereti
868 379 1081 433 lapidibus
1118 380 1323 434 pluvisse,
1367 383 1409 421 et
1445 381 1577 424 Reate
1613 384 1774 425 mulam

175 450 194 480 6
220 438 447 493 peperisse.

516 453 565 479 ea
601 438 801 492 prodigia
843 438 997 479 hostiis
1035 439 1269 481 maioribus
1309 442 1409 480 sunt
1445 445 1689 497 procurata,
1733 446 1776 484 et

222 497 460 540 obsecratio
487 497 532 538 in
557 512 687 538 unum
716 498 828 538 diem
858 497 1018 552 populo
1050 497 1211 539 indicta
1236 501 1278 539 et
1303 498 1568 541 novemdiale
1595 515 1774 543 sacrum.

176 567 193 598 7
225 580 275 585 —
311 556 551 598 sacerdotes
588 556 749 610 publici
788 556 951 610 aliquot
982 570 1031 599 eo
1065 571 1178 598 anno
1215 556 1425 599 demortui
1463 561 1562 599 sunt
1590 560 1775 615 novique

220 615 402 657 suffecti:
446 615 493 656 in
532 615 673 656 locum
715 614 783 657 M'.
820 615 995 656 Aemilii
1037 615 1248 657 Numidae
1293 616 1515 658 decemviri
1559 632 1775 660 sacrorum

220 673 275 715 M.
305 674 514 715 Aemilius
546 674 749 728 Lepidus,
781 674 825 715 in
855 675 996 716 locum
1029 674 1097 716 Μ’.
1130 674 1355 729 Pomponii
1386 675 1605 718 Mathonis
1637 678 1776 731 ponti-

220 733 310 774 ficis
343 731 387 775 C.
421 733 583 786 Livius,
615 733 656 773 in
691 733 834 774 locum
867 731 936 787 Sp.
970 732 1148 775 Carvilii
1179 733 1357 775 Maximi
1391 736 1564 790 auguris
1596 735 1653 776 M.
1683 734 1775 777 Ser-

174 802 194 833 8
219 793 355 834 vilius.
400 792 446 832 T.
467 791 674 833 Otacilius
696 790 876 833 Crassus
908 792 1100 846 pontifex
1133 793 1233 847 quia
1258 796 1406 835 exacto
1437 808 1547 836 anno
1580 796 1775 837 mortuus

221 854 328 903 erat,
358 850 453 892 ideo
479 851 718 892 nominatio
749 851 795 891 in
824 851 966 892 locum
993 852 1082 892 eius
1114 866 1203 893 non
1231 855 1298 893 est
1327 852 1454 894 facta.
1504 852 1549 895 C.
1570 851 1773 896 Claudius

218 909 374 951 flamen
403 909 562 959 Dialis,
596 909 708 963 quod
739 912 836 950 exta
867 923 1091 964 perperam
1124 910 1313 965 dederat,
1343 911 1534 953 flaminio
1568 913 1687 954 abiit.

337 968 418 1010 Per
454 968 567 1010 idem
604 972 774 1022 tempus
811 968 868 1009 M.
899 968 1096 1010 Valerius
1134 969 1362 1023 Laevinus,
1400 971 1621 1025 temptatis
1656 972 1776 1026 prius

219 1042 295 1082 per
333 1030 494 1069 secreta
526 1027 738 1082 colloquia
774 1028 1013 1081 principum
1051 1027 1220 1081 animis,
1259 1028 1312 1069 ad
1350 1029 1555 1070 indictum
1594 1033 1691 1072 ante
1724 1030 1777 1072 ad

173 1096 193 1127 2
220 1087 264 1127 id
295 1087 437 1141 ipsum
470 1086 696 1128 concilium
716 1086 971 1128 Aetolorum
1005 1087 1139 1128 classe
1172 1087 1369 1141 expedita
1399 1088 1527 1129 venit.
1575 1089 1649 1130 ubi
1681 1104 1777 1131 cum

222 1144 452 1200 Syracusas
498 1143 773 1200 Capuamque
819 1149 990 1201 captam
1033 1146 1077 1187 in
1120 1146 1246 1187 fidem
1290 1147 1335 1187 in
1377 1146 1506 1188 Italia
1549 1146 1777 1203 Siciliaque

174 1215 193 1246 3
219 1219 361 1246 rerum
419 1204 699 1246 secundarum
757 1207 1038 1259 ostentasset,

1095 1205 1402 1260 adiecissetque
1457 1206 1543 1247 iam
1601 1206 1697 1247 inde
1753 1221 1778 1248 a

220 1263 456 1305 maioribus
487 1263 693 1305 traditum
724 1278 887 1305 morem
915 1264 1122 1306 Romanis
1156 1264 1321 1306 colendi
1354 1265 1508 1318 socios,
1541 1280 1590 1306 ex
1623 1265 1777 1320 quibus

221 1323 326 1364 alios
365 1323 409 1364 in
442 1323 658 1364 civitatem
697 1326 824 1377 atque
858 1338 1038 1377 aequum
1072 1337 1214 1364 secum
1246 1324 1312 1365 ius
1352 1324 1631 1379 accepissent,
1669 1324 1777 1366 alios

269 1467 299 1496 5.
326 1464 367 1496 in
385 1463 465 1505 foro
486 1462 704 1508 Subertano]
726 1463 763 1497 in
777 1462 961 1497 Etrurien.

219 1510 396 1545 Dasselbe
419 1511 645 1554 procliyium:
673 1511 732 1552 27,
761 1514 816 1551 37,
838 1515 857 1544 3
878 1521 959 1545 san-

219 1558 343 1602 yuinis
367 1558 487 1592 rivum
512 1558 553 1592 in
574 1561 684 1601 porta
709 1559 864 1601 sluxeisse.

269 1605 453 1648 lapidibus
495 1604 672 1650 pluvisse]
719 1608 822 1639 sonst
865 1605 959 1640 auch

220 1652 262 1686 de
288 1652 380 1686 coelo
411 1653 601 1696 lapidavit.
653 1651 737 1696 Vgl.
770 1652 829 1695 27,
857 1657 912 1695 37,
941 1657 959 1686 1

222 1698 281 1733 ein
323 1699 449 1744 h'aufig
493 1699 834 1734 wiederkehrendes
873 1711 959 1743 pro—

221 1746 382 1790 digium,
428 1746 586 1780 welches
630 1747 700 1780 mit
744 1748 963 1781 novemdiale

219 1803 362 1827 sacrum
395 1793 556 1837 gesfihnt
588 1805 632 1828 zu
657 1793 803 1828 werden
835 1794 960 1839 pfiegt.

220 1839 294 1885 vgl.
321 1844 340 1882 ξ
365 1844 395 1876 6.

267 1888 402 1922 mulam
438 1888 634 1932 peperisse]
679 1898 754 1921 was
798 1887 856 1921 fiir
902 1899 962 1932 ge-

223 1935 410 1970 wohnlich
448 1935 502 1969 als
539 1935 643 1969 nicht
680 1934 844 1978 moglich
881 1935 962 1979 gilt,

221 1981 314 2016 doch
341 1982 401 2023 37,
423 1986 454 2025 3,
476 1986 495 2016 3
516 1982 652 2016 wieder
673 1982 839 2016 erwahnt
858 1982 960 2017 wird.

221 2028 372 2064 Reatini
391 2030 645 2071 (nuntiabant)
664 2030 798 2063 ¹mulam
820 2030 857 2063 in
875 2040 962 2074 ayro

221 2087 285 2111 suo
305 2077 495 2121 peperisse.

273 2127 302 2158 6.
327 2123 543 2168 procurata]
570 2123 644 2167 vgl.
672 2133 700 2157 c.
729 2127 760 2165 6,
790 2128 843 2157 14.

269 2171 440 2205 decemvir
478 2171 677 2213 sacrorum]
705 2170 798 2204 auch
831 2171 961 2205 decem—

221 2219 279 2252 vir
303 2218 417 2252 sacris
443 2217 645 2260 faciundi&
681 2216 733 2251 sie
759 2217 841 2251 sind
868 2218 962 2252 nach

222 2264 282 2307 10,
309 2267 341 2308 8,
368 2269 388 2298 2
415 2265 617 2299 carminum
643 2263 803 2309 Sibyllae
832 2275 874 2298 ae
906 2265 961 2307 fa—

222 2316 340 2347 torum
359 2313 491 2356 populi
516 2312 624 2345 huius
649 2312 868 2355 interpretes.

270 2362 301 2394 8.
329 2362 452 2393 eoeacto
484 2358 597 2403 anno]
630 2369 791 2402 genauer
828 2358 961 2403 ‘gegen

220 2406 324 2440 Ende
356 2406 419 2440 des
445 2406 604 2447 Jahres',
637 2405 751 2440 daher
782 2405 862 2440 eine
896 2405 959 2439 Er—

223 2453 398 2487 satzwahl
443 2454 501 2487 fiir
538 2452 603 2486 ihn
640 2452 744 2486 nicht
781 2454 885 2487 mehr
922 2453 960 2486 in

222 2500 450 2541 demselben,
487 2500 644 2534 sondern
671 2501 742 2533 erst
766 2499 818 2533 im
849 2500 959 2534 nach—

222 2549 302 2581 sten
327 2547 439 2581 Jahre
471 2546 635 2592 moglich
660 2557 737 2580 war
769 2546 828 2588 27,
850 2551 883 2587 6,
906 2552 959 2582 15.

269 2598 352 2629 exta
373 2605 562 2638 perperam
587 2593 759 2638 dederat]
798 2594 872 2628 Der
897 2595 960 2637 sla-

221 2653 300 2676 meri
320 2640 456 2684 Dialis,
478 2641 531 2676 als
552 2640 617 2674 der
637 2642 782 2675 oberste
802 2641 962 2676 Priester

224 2689 286 2723 des
313 2688 473 2733 Jupiter,
509 2699 584 2722 war
610 2698 656 2721 an
683 2687 741 2722 die
772 2687 963 2723 Beobach-

221 2736 315 2780 tung
352 2735 576 2770 zahlreicher
612 2734 866 2770 Vorschriften
901 2747 962 2780 ge-

221 2783 382 2825 bunden,
408 2783 519 2817 deren
541 2782 764 2827 Verletzung
789 2783 859 2817 den
872 2782 962 2817 Ver—

222 2829 298 2863 lust
329 2830 446 2864 semes
478 2831 605 2864 Amtes
641 2830 737 2863 nach
774 2830 852 2864 sich
883 2841 961 2874 zog.

222 2875 325 2909 Dazu
362 2877 515 2920 gehorte
553 2876 664 2919 auch,
708 2875 788 2910 dass
827 2888 866 2911 er
901 2876 962 2910 bei

224 2922 307 2957 dem
346 2922 456 2966 Opfer
496 2924 555 2957 die
590 2923 825 2967 Eingeweide
869 2923 961 2957 drei-

1035 1464 1110 1497 mal
1159 1476 1222 1497 um
1273 1463 1342 1497 den
1392 1463 1498 1507 Altar
1555 1477 1598 1498 zu
1647 1466 1779 1510 tragen

1034 1511 1109 1544 und
1165 1511 1262 1545 dann
1311 1510 1350 1544 in
1394 1510 1605 1545 feierlicher
1653 1512 1778 1547 Weise

1034 1557 1100 1592 auf
1154 1557 1353 1592 denselben
1402 1569 1446 1591 zu
1497 1558 1606 1603 legen
1661 1558 1776 1593 hatte.

1033 1604 1130 1639 Weil
1163 1604 1336 1639 Claudius
1373 1604 1515 1639 hierbei
1549 1608 1664 1640 etwas
1698 1617 1777 1640 ver-

1034 1652 1145 1686 sehen
1177 1652 1299 1694 hatte,
1338 1651 1473 1686 musste
1506 1663 1545 1687 er
1581 1653 1659 1687 sein
1689 1653 1779 1687 Amt

1034 1699 1281 1744 niederlegen.

1085 1757 1113 1780 c.
1140 1746 1296 1788 24-26,
1324 1750 1354 1780 4.
1378 1745 1674 1781 Griechische
1694 1747 1778 1780 An-

1035 1794 1400 1838 gelegenheiten.

1085 1845 1113 1874 1.
1133 1841 1325 1885 concilium
1338 1841 1562 1886 Aetolorum]
1585 1839 1644 1875 die
1661 1853 1779 1884 πανη-

1036 1889 1139 1931 γυρίς
1184 1888 1248 1922 der
1284 1888 1429 1930 Atoler,
1476 1888 1535 1922 die
1579 1887 1659 1922 hier
1696 1887 1777 1922 eine

1037 1934 1389 1970 ausserordentliche
1410 1947 1454 1969 zu
1468 1935 1544 1969 sein
1559 1935 1703 1969 scheint
1713 1936 1779 1977 (ad

1035 1983 1074 2016 id
1100 1984 1220 2026 ipsum
1244 1983 1356 2024 incl),
1382 1982 1477 2017 doch
1496 1982 1584 2016 fand
1603 1983 1697 2017 auch
1718 1982 1778 2017 die

1034 2028 1290 2073 regelmassige
1305 2028 1589 2074 Versammlung
1606 2030 1669 2064 des
1682 2030 1778 2064 Bun-

1036 2076 1099 2111 des
1142 2089 1204 2110 um
1253 2076 1414 2111 dieselbe
1456 2076 1677 2119 Jahreszeit,
1726 2076 1777 2110 im

1034 2123 1187 2163 Herbst,
1215 2125 1313 2158 statt.

1083 2171 1192 2205 classe
1235 2170 1417 2215 expedita]
1463 2181 1534 2204 von
1584 2169 1777 2214 kampfbe-

1035 2217 1152 2252 reiten
1168 2217 1328 2251 Schiffen
1343 2217 1476 2251 ebenso
1490 2216 1560 2251 wie
1573 2227 1645 2251 von
1655 2216 1778 2250 Land-

1035 2265 1195 2308 truppen
1230 2266 1371 2308 gesagt.
1412 2275 1439 2298 c.
1469 2267 1524 2305 39,
1558 2266 1578 2297 8
1612 2264 1777 2308 expedire

1034 2312 1208 2355 remiqerrz.
1236 2311 1295 2353 29,
1316 2314 1372 2353 22,
1396 2314 1413 2344 1
1436 2311 1582 2345 classem
1601 2311 1774 2355 eoepediri.

1082 2361 1112 2392 2.
1127 2359 1191 2392 ubi
1203 2369 1281 2392 eum
1291 2378 1332 2382 -—
1342 2358 1440 2403 haee]
1451 2357 1509 2392 die
1520 2357 1777 2403 regelmassige

1032 2405 1143 2439 Form
1174 2405 1238 2439 der
1269 2405 1422 2439 Periode
1454 2416 1534 2439 eum
1571 2408 1778 2440 ostentasset

1033 2453 1283 2496 adiecissetque
1309 2472 1351 2476 ——
1380 2452 1531 2496 Scopas,
1564 2463 1654 2496 quae
1679 2453 1778 2487 dieta

1035 2503 1153 2542 erant,
1192 2500 1433 2542 confirmavit,
1471 2499 1626 2534 erleidet
1663 2499 1777 2533 durch

1035 2547 1094 2581 die
1106 2558 1178 2581 von
1189 2547 1372 2581 abiecisset
1386 2546 1608 2591 abhangige,
1624 2546 1776 2591 langere

1034 2593 1218 2628 indirekte
1250 2594 1352 2628 Rede
1390 2593 1470 2628 eine
1504 2593 1775 2636 Abweichung;

1035 2641 1099 2675 der
1119 2640 1294 2676 Gedanke
1321 2641 1384 2674 des
1402 2639 1664 2674 Vordersatzes
1684 2639 1776 2673 wird

1035 2687 1105 2722 mit
1123 2689 1207 2723 haee
1220 2692 1239 2730 g
1255 2692 1273 2722 7
1289 2688 1385 2722 noch
1399 2686 1535 2721 einmal
1549 2697 1775 2720 zusammen—

1035 2734 1180 2780 gefasst.
1226 2735 1307 2778 Vgl.
1336 2745 1363 2768 c.
1394 2737 1447 2776 12,
1476 2737 1529 2767 11.

1083 2786 1113 2816 3.
1141 2792 1292 2826 aequum
1323 2791 1438 2814 seeum
1463 2780 1536 2825 ius]
1559 2796 1603 2808 =-
1625 2790 1776 2824 aequum

1035 2840 1114 2863 eum
1150 2839 1235 2868 suo,·
1277 2827 1350 2871 vgl.
1395 2838 1423 2861 c.
1469 2830 1506 2870 9,
1553 2831 1612 2868 10;
1656 2827 1777 2861 semer

1035 2875 1100 2919 21,
1133 2879 1169 2918 3,
1206 2879 1225 2909 6
1265 2884 1374 2917 aequo
1411 2875 1490 2908 iure
1527 2885 1605 2908 eum
1643 2875 1779 2909 ceteris.

1036 2922 1094 2964 10,
1121 2926 1176 2965 24,
1205 2925 1257 2956 16.
