1963 3308
137 848 179 879 13
208 834 342 875 seriae
381 847 483 874 esse.

137 1368 189 1409 18

209 137 263 178 38
706 137 850 171 LlBER
875 136 1005 171 XXVI.
1056 136 1159 171 CAP.
1188 141 1240 170 17.
1269 139 1322 170 18.

1608 151 1634 169 a.
1656 151 1685 169 u.
1704 143 1764 169 543.

140 257 181 288 11
208 248 251 287 et
282 245 389 287 alios
422 244 655 286 emittendi.
705 258 782 284 nec
814 246 985 297 postero
1020 242 1085 283 die
1117 257 1183 283 res
1216 243 1342 284 finem
1373 242 1546 284 invenit.
1596 242 1658 283 ita
1691 241 1763 283 ali-

209 307 315 359 quot
353 304 440 344 dies
479 302 753 356 disceptando
792 302 935 355 palam
962 301 1011 342 de
1050 301 1216 355 legibus
1255 303 1484 355 noctesque
1516 300 1761 343 emittendis

209 364 317 405 clam
341 377 362 404 e
390 362 541 403 castris
563 360 991 415 Carthaginiensibus
1019 360 1282 413 absumptae.
1334 361 1375 400 et
1406 362 1631 414 postquam
1664 374 1762 414 pars

207 422 342 463 maior
379 420 533 461 emissa
572 420 782 461 exercitus
821 421 929 473 erat,
972 419 1058 460 iam
1095 432 1148 459 ne
1186 419 1239 459 iis
1279 417 1465 473 quidem,
1505 433 1611 473 quae
1649 419 1761 461 ultro

208 481 319 521 dicta
357 482 497 533 erant,
539 479 748 533 stabatur,
789 479 1010 532 minusque
1048 492 1095 519 ac
1133 477 1272 519 minus
1310 491 1407 518 cum
1443 477 1595 519 timore
1635 478 1763 519 simul

139 552 179 583 12
207 539 288 580 fide
310 538 578 580 decrescente
598 537 890 579 conveniebat.
938 537 1024 578 iam
1050 536 1181 577 ferme
1207 536 1423 590 pedestres
1450 550 1596 577 omnes
1617 537 1763 590 copiae

210 600 433 639 evaserant
460 612 480 639 e
509 598 638 651 saltu,
667 611 762 638 cum
787 597 926 651 prima
952 596 1045 638 luce
1072 595 1203 637 densa
1227 594 1385 636 nebula
1412 594 1568 636 saltum
1596 609 1762 636 omnem

210 671 465 711 camposque
495 657 608 698 circa
639 656 802 697 intexit.
851 655 963 710 quod
995 655 1067 696 ubi
1099 654 1232 696 sensit
1257 653 1520 708 Hasdrubal,
1552 653 1686 694 mittit
1710 654 1763 695 ad

209 715 425 758 Neronem
468 715 540 770 qui
582 716 627 756 in
670 717 887 769 posterum
934 713 1044 755 diem
1089 713 1348 768 colloquium
1391 712 1596 754 differret:
1642 712 1764 753 illum

211 774 320 816 diem
357 774 605 828 religiosum
638 772 1068 828 Carthaginiensibus
1107 772 1159 813 ad
1197 772 1408 827 agendum
1447 771 1674 826 quicquam
1705 771 1765 812 rei

545 847 596 874 ne
634 834 725 874 tum
764 832 934 886 quidem
967 834 1163 886 suspecta
1201 831 1330 873 fraus.

1392 845 1487 872 cum
1521 834 1633 872 esset
1665 829 1765 871 data

209 892 329 934 venia
356 892 445 933 eius
471 891 570 945 diei,
599 891 809 944 extemplo
830 890 1074 932 Hasdrubal
1099 905 1193 931 cum
1220 890 1412 944 equitatu
1439 890 1763 943 elephantisque

139 966 182 995 14
209 951 360 994 castris
385 965 599 1006 egressus,
626 951 714 991 sine
741 950 827 991 ullo
855 949 1042 990 tumultu
1067 949 1111 989 in
1137 951 1278 990 tutum
1305 949 1450 990 evasit.
1500 948 1607 990 hora
1633 948 1764 990 ferme

209 1013 362 1065 quarta
400 1010 591 1064 dispulsa
630 1010 718 1051 sole
757 1009 913 1050 nebula
946 1007 1112 1063 aperuit
1150 1007 1278 1061 diem,
1320 1022 1537 1062 vacuaque
1574 1007 1765 1049 hostium

138 1082 179 1114 15
207 1073 350 1112 castra
387 1071 696 1123 conspexerunt
733 1067 928 1109 Romani.

990 1071 1081 1108 tum
1122 1066 1290 1107 demum
1323 1064 1523 1108 Claudius
1562 1066 1764 1107 Punicam

206 1129 398 1171 fraudem
438 1141 690 1183 agnoscens,
729 1129 776 1168 ut
815 1141 857 1168 se
897 1126 992 1168 dolo
1027 1128 1196 1181 captum
1237 1125 1388 1179 sensit,
1423 1125 1764 1179 proficiscentem

204 1188 368 1229 institit
406 1187 542 1241 sequi,
581 1189 758 1241 paratus
800 1185 1026 1240 confligere
1065 1185 1171 1227 acie:
1212 1184 1285 1226 sed
1323 1184 1459 1226 hostis
1499 1184 1765 1225 detractabat

137 1260 177 1291 1ss
205 1261 406 1302 pugnam.
455 1246 564 1287 levia
596 1249 741 1287 tamen
772 1245 937 1299 proelia
969 1246 1080 1286 inter
1112 1246 1347 1285 extremum
1373 1242 1578 1285 Punicum
1611 1256 1765 1298 agmen

204 1319 587 1361 praecursoresque
621 1304 916 1346 Romanorum
948 1304 1120 1345 fiebant.

323 1364 441 1406 Inter
466 1364 570 1406 haec
591 1363 826 1418 Hispaniae
853 1363 999 1417 populi
1018 1377 1112 1416 nec,
1142 1362 1213 1416 qui
1239 1364 1336 1416 post
1357 1361 1519 1402 cladem
1546 1363 1762 1415 acceptam

159 1437 178 1467 2>
206 1423 466 1473 defecerant,
499 1423 697 1465 redibant
724 1422 777 1463 ad
797 1422 1033 1476 Romanos,
1065 1436 1141 1463 nec
1173 1421 1250 1462 ulli
1276 1421 1378 1462 novi
1412 1420 1677 1461 deficiebant.
1722 1422 1765 1462 et

205 1483 368 1525 Romae
402 1482 569 1524 senatui
607 1482 850 1536 populoque
888 1484 986 1535 post
1019 1483 1233 1534 receptam
1268 1478 1460 1534 Capuam
1491 1492 1578 1520 non
1609 1478 1762 1520 Italiae

205 1543 291 1584 iam
323 1542 459 1583 maior
493 1556 620 1596 quam
652 1540 890 1595 Hispaniae
922 1555 1021 1581 cura
1056 1542 1158 1581 erat.
1209 1542 1249 1580 et
1282 1538 1512 1580 exercitum
1545 1538 1690 1593 augeri
1723 1540 1764 1579 et

256 1639 307 1669 11.
335 1646 397 1669 nec
426 1655 467 1659 —
493 1645 548 1668 res
575 1634 680 1676 finem
706 1633 860 1678 invenit]
889 1632 948 1667 die

205 1682 473 1726 Verhandlung
506 1680 685 1715 erreichte
718 1680 804 1715 kein
832 1680 947 1714 Ende.

205 1730 290 1775 Vgl.
313 1729 347 1773 8,
378 1733 430 1771 13,
460 1733 498 1762 11
527 1739 582 1762 res
608 1728 661 1762 ad
685 1728 791 1770 finem
817 1728 948 1762 venit.

205 1778 239 1821 5,
273 1781 328 1820 51,
362 1780 380 1810 6
415 1776 539 1810 bellum
575 1775 679 1817 finem
711 1775 835 1818 cepit.
888 1774 948 1816 25,

207 1828 263 1867 23,
293 1828 309 1857 1
344 1823 612 1868 Syracusarum
647 1822 869 1866 oppufflzatz'o
896 1822 949 1856 ad

204 1873 341 1915 finem
368 1871 500 1905 venit.

252 1920 327 1953 iam
359 1938 402 1942 -
432 1916 611 1961 stabatur]
651 1927 738 1950 man
770 1914 950 1960 (namlich

206 1966 352 2009 Hasdr.)
372 1965 472 1999 band
486 1964 563 1999 sich
577 1964 681 1998 nieht
695 1963 831 1998 einmal
846 1963 950 1998 mehr

206 2025 254 2048 an
287 2012 346 2047 die
377 2010 567 2056 freiwillig
599 2012 633 2054 (ἓ
661 2013 695 2054 5)
728 2011 950 2055 gemachten

206 2059 470 2104 Versprechen.
515 2062 610 2093 stare
636 2058 702 2091 hat
725 2057 776 2091 im
797 2057 950 2092 Ablativ

207 2108 267 2142 die
301 2107 417 2141 Sache
456 2106 516 2140 bei
556 2104 650 2147 sich,
689 2104 828 2139 welche
864 2115 950 2138 man

209 2166 271 2188 zur
286 2153 498 2197 Grundlage
525 2153 642 2186 seines
663 2151 804 2193 Thuns,
833 2152 951 2185 seiner

207 2200 520 2243 Verhandlungen
553 2199 694 2232 nimmt.
746 2198 811 2241 21,
843 2202 900 2241 19,
929 2202 950 2232 4

207 2249 345 2292 foedere
375 2251 415 2282 st.
456 2246 490 2290 3,
523 2250 577 2290 36,
612 2249 631 2280 8
670 2246 806 2280 decreto
843 2248 950 2287 stare,

202 2297 382 2340 promisso
411 2297 506 2329 stare
531 2305 565 2327 u.
593 2305 619 2327 s.
647 2304 689 2326 w.

258 2347 312 2378 12.
333 2343 538 2386 reliyiosum
558 2340 621 2384 ad]
639 2339 707 2374 ‘sei
723 2349 848 2383 wegen
868 2338 950 2373 reli·

209 2389 328 2434 gioser
339 2389 443 2423 Feier
456 2387 559 2422 nicht
572 2386 745 2432 geeignet
759 2386 828 2421 zu.’
858 2386 950 2420 Dem

208 2435 366 2482 Begriffe
384 2435 653 2479 ,‚ungeeignet·‘
667 2433 872 2477 entspricht
892 2432 950 2467 die

211 2483 444 2528 Praposition
470 2482 528 2516 ad.
569 2481 651 2526 Vgl.
672 2480 731 2523 37,
753 2484 809 2523 33,
831 2484 849 2514 6
877 2480 951 2514 dies

206 2531 320 2574 forte.
337 2558 344 2564 .
361 2557 367 2564 .
383 2529 543 2574 2·eliyz'osi
568 2529 616 2563 ad
641 2529 708 2563 iter
734 2527 949 2563 inciderant.

259 2582 311 2612 13.
338 2578 426 2612 data
452 2577 555 2610 venia
583 2577 658 2610 eius
683 2574 771 2620 diei]
803 2574 870 2608 ‘als
890 2574 949 2608 die

208 2624 533 2669 Entsehuldigung
553 2633 680 2667 wegen
701 2621 817 2656 dieses
832 2621 950 2666 Tages

209 2682 478 2717 angenommen
493 2670 599 2713 war3’
618 2670 685 2704 mit
698 2681 742 2702 zu
757 2672 950 2713 erganzen-

210 2720 294 2754 dem
308 2718 419 2753 Dativ
446 2718 510 2752 der
527 2716 681 2759 Person,
708 2716 866 2751 welcher
892 2715 951 2750 die

210 2767 315 2801 venia
341 2765 464 2801 erteilt
489 2764 591 2799 wird.
626 2764 757 2807 27,13,
773 2767 793 2798 8
820 2763 953 2798 clamor

211 2817 322 2855 ortus,
348 2817 387 2847 ut
412 2813 552 2847 reniam
579 2812 654 2846 eius
679 2811 751 2846 diei
777 2811 888 2845 daret.

260 2863 313 2893 14.
326 2860 491 2904 dispulsa
504 2860 574 2894 sole
588 2858 734 2903 nebula]
749 2857 813 2892 der
824 2856 952 2899 Nebel,

212 2905 335 2940 indem
380 2917 417 2940 er
461 2906 573 2940 durch
618 2905 676 2939 die
716 2905 836 2939 Sonne
874 2914 952 2937 ver-

1021 1631 1198 1666 scheucht
1215 1631 1349 1673 wurde,
1370 1630 1522 1665 brachte
1544 1630 1608 1664 das
1624 1630 1762 1674 Tages-

1020 1679 1114 1714 licht
1136 1691 1216 1713 zum
1237 1677 1488 1722 Durchbruch,
1512 1678 1658 1712 machte
1679 1677 1763 1711 dem

1022 1727 1050 1761 T
1054 1725 1255 1771 ageslichte
1275 1725 1390 1759 Platz.
1430 1724 1489 1767 22,
1509 1728 1541 1767 8,
1563 1729 1582 1759 9
1609 1735 1688 1760 cum
1708 1726 1763 1759 in-

1022 1774 1211 1808 calescente
1236 1773 1306 1808 sole
1331 1773 1495 1816 dispulsa
1527 1772 1657 1806 nebula
1683 1782 1764 1816 ape-

1025 1822 1155 1855 ruisset
1179 1820 1283 1855 diem.

1073 1871 1126 1902 15.
1144 1867 1324 1902 Punicam
1345 1866 1527 1911 fraudem]
1544 1865 1602 1900 die
1617 1865 1763 1909 haufige

1023 1915 1266 1959 Auwendung
1297 1925 1369 1949 von
1401 1913 1646 1958 Kriegslisten
1676 1911 1765 1948 lasst

1022 1962 1060 1996 in
1091 1962 1155 1996 der
1186 1961 1394 1996 romischen
1420 1960 1661 2005 Beurteilung
1693 1960 1765 1994 den

1024 2009 1230 2044 Charakter
1244 2008 1307 2043 der
1320 2007 1455 2043 Punier
1469 2009 1559 2042 stets
1574 2007 1628 2042 als
1647 2007 1762 2041 heim-

1022 2056 1192 2091 tfickisch
1206 2055 1280 2090 und
1295 2054 1519 2099 hinterlistig
1530 2054 1762 2096 erscheinen3

1024 2104 1137 2138 daher
1145 2101 1454 2148 sprichwo'rtlich:
1468 2102 1593 2145 reliqu)
1604 2101 1762 2142 Punica,

1019 2151 1196 2195 perfidia,
1221 2150 1308 2192 fides
1337 2149 1493 2182 Punica.

1067 2196 1334 2241 praecursores]
1364 2212 1406 2224 =
1427 2196 1589 2239 primum
1624 2205 1762 2239 agmen,

1023 2255 1094 2279 von
1109 2243 1185 2278 Liv.
1202 2255 1269 2277 nur
1289 2243 1368 2277 hier
1381 2241 1638 2286 angewendet3
1662 2243 1764 2276 sonst

1023 2292 1060 2325 in
1105 2290 1346 2335 eigentlicher
1388 2288 1463 2323 und
1500 2289 1764 2333 fibertragener

1025 2337 1242 2381 Bedeutung
1268 2353 1310 2366 =
1338 2335 1543 2371 Vorlaufer.

1072 2396 1099 2419 c.
1133 2384 1307 2427 18-20,
1346 2383 1377 2418 6.
1444 2382 1619 2427 Scipios
1658 2382 1763 2416 Sen-

1024 2432 1141 2476 dung
1164 2431 1277 2466 nach
1299 2429 1495 2475 Spanien
1515 2429 1599 2463 und
1620 2431 1763 2464 erstes

1024 2478 1265 2513 Auftreten
1292 2477 1505 2512 daselbst.

1072 2537 1100 2561 c.
1111 2525 1169 2569 18,
1183 2530 1212 2560 1.
1233 2525 1440 2569 Hispaniae
1447 2523 1596 2569 populi]
1610 2523 1695 2558 tritt
1708 2522 1762 2557 als

1024 2572 1312 2617 Gesamtbegriff
1338 2582 1452 2606 voran
1477 2570 1552 2605 und
1578 2569 1670 2604 wird
1695 2568 1764 2603 mit

1023 2631 1086 2655 nec
1110 2641 1153 2644 —
1177 2630 1240 2654 nec
1265 2620 1303 2653 in
1329 2619 1417 2653 zwei
1437 2617 1538 2653 Teile
1565 2616 1713 2660 zerlegt.

1071 2666 1290 2712 defecerant]
1317 2679 1361 2700 zu
1387 2668 1567 2709 erganzen
1595 2663 1658 2705 ist,
1690 2672 1762 2697 von

1024 2725 1118 2749 wem
1157 2714 1209 2749 sie
1248 2713 1418 2754 abfielen,
1456 2711 1516 2745 bei
1553 2709 1763 2752 deficiebant

1026 2762 1195 2806 dagegen
1220 2772 1264 2794 zu
1289 2770 1394 2794 wem.

1073 2812 1103 2843 2.
1136 2818 1210 2842 non
1240 2807 1356 2841 maior
1392 2804 1514 2850 quam]
1547 2803 1612 2838 der
1642 2802 1763 2838 Nach-

1025 2854 1139 2889 druck
1158 2854 1251 2897 liegt
1271 2852 1336 2887 auf
1353 2852 1437 2886 dem
1454 2850 1607 2886 zweiten
1622 2849 1762 2893 Gliede,

1026 2913 1056 2937 c.
1088 2904 1144 2945 44,
1177 2904 1196 2934 5
1228 2900 1421 2944 trepidatio
1455 2908 1527 2933 non
1558 2898 1597 2932 in
1624 2897 1764 2942 proelio
