1963 3308
717 730 992 774 Kritischer
1023 729 1237 783 Anhang.

310 930 612 975 Abweichungen
637 940 709 964 von
735 929 799 964 der
825 930 995 974 Ausgabe
1021 928 1310 964 Weissenborns.
1359 929 1525 976 Leipzig,
1554 934 1655 968 1878.

203 978 278 1013 Md.
307 994 350 1007 =
375 977 544 1022 Madvig,
578 976 680 1011 st.
707 993 751 1006 =
779 976 1055 1018 Weissenborn,
1088 975 1177 1011 Wfl.
1204 993 1248 1005 =
1274 977 1456 1021 Wolfflin,
1486 979 1527 1014 L.
1555 995 1599 1008 =
1624 979 1757 1024 Luchs,

203 1026 334 1071 stg.
349 989 645 1070 :Wesegnberg‚
671 1024 726 1058 Ff
741 1023 1075 1066 =Friedersdorffi
1100 1023 1139 1058 P.
1155 1022 1433 1068 =Puteaneus,
1455 1024 1489 1061 S,
1505 1042 1548 1054 =
1564 1025 1758 1071 Spirensis,

740 1082 772 1108 ς.
794 1088 838 1100 =
854 1071 1010 1116 jfingere
1034 1070 1222 1105 Han.dsch

299 1155 328 1178 c.
356 1147 388 1186 2,
415 1147 435 1177 2
457 1144 729 1187 auspicatorum
748 1142 988 1187 comitiorum]
1016 1142 1326 1187 auspicandorum
1345 1142 1569 1178 comitiorum
1588 1143 1663 1178 Md.
1683 1155 1753 1179 em.

232 1190 342 1281 ἰνΞΡ
359 1241 402 1272 10
434 1217 522 1282 quid
553 1237 760 1291 interfuisse
791 1237 885 1272 inter
920 1236 998 1271 Tib.
1032 1235 1309 1281 Sempronium?
1340 1247 1420 1271 cum
1444 1237 1499 1283 ei]
1533 1237 1622 1282 quid
1645 1238 1755 1274 inter-

202 1285 314 1328 fuisse
338 1285 433 1320 inter
461 1285 518 1319 Ti
545 1284 798 1329 Sempronium
822 1287 854 1319 et
881 1283 945 1318 Cn.
973 1282 1176 1318 Fulvium?
1204 1283 1258 1318 Ti.
1287 1283 1539 1328 Sempronium
1566 1295 1647 1320 cum
1665 1285 1725 1321 ei.
1748 1313 1755 1320 .

202 1333 275 1367 Md.
301 1332 349 1367 ib.

297 1384 330 1423 Ξ,
359 1383 400 1413 12
427 1380 560 1413 mirum
591 1389 661 1413 esse
693 1379 833 1413 cessisse
863 1379 992 1413 milites
1023 1379 1063 1413 in
1090 1377 1183 1423 acie]
1213 1388 1287 1412 non
1311 1379 1445 1413 stetisse
1469 1379 1600 1414 milites
1624 1379 1756 1425 stg.

200 1425 558 1461 Emendatiunculae
591 1426 669 1460 Liv.
707 1429 813 1469 1874,
852 1437 887 1470 p.
921 1430 982 1461 66:
1016 1427 1128 1460 latine
1159 1426 1222 1460 vix
1253 1425 1406 1460 dicitur:
1438 1426 1480 1460 in
1512 1427 1589 1461 acie
1620 1427 1754 1469 cedere;

201 1475 355 1509 dicitur:
382 1485 424 1508 ex
445 1474 530 1509 acie.
562 1473 760 1517 Aptissime
778 1474 872 1507 inter
891 1483 926 1507 se
951 1473 1182 1517 respondent:
1208 1483 1281 1507 non
1299 1473 1433 1507 stetisse
1452 1476 1483 1507 et
1503 1476 1638 1508 stantes
1657 1477 1675 1515 (5
1697 1478 1752 1509 13.

203 1521 250 1556 So
278 1521 391 1556 sehon
419 1520 518 1563 Otto,
546 1520 791 1554 divinationes
818 1519 1008 1563 Livianae,
1035 1519 1232 1554 Karlsruhe
1260 1523 1359 1554 1839.

295 1572 328 1612 3,
354 1572 376 1602 4
400 1579 473 1603 non
499 1579 533 1602 se
558 1569 685 1611 inopia
711 1571 933 1609 commeatus,
959 1578 1033 1602 non
1058 1569 1099 1601 in
1125 1568 1202 1601 loca
1227 1567 1358 1610 iniqua
1381 1567 1527 1602 incaute
1546 1567 1752 1614 deductum]

200 1626 274 1651 non
299 1626 334 1650 se
358 1616 486 1660 inopia
512 1619 723 1649 commeatus
748 1616 788 1649 in
815 1615 892 1649 loca
917 1615 1046 1659 iniqua
1071 1615 1216 1649 incaute
1241 1614 1440 1649 deductum.
1467 1614 1643 1660 Doering.

295 1667 326 1707 4,
355 1667 374 1697 3
399 1663 536 1707 pedites
558 1662 843 1707 superabantur]
865 1662 986 1706 pedite
1011 1662 1290 1706 superabantur.
1318 1660 1536 1697 Gronovius.

295 1715 327 1754 4,
355 1714 374 1744 6
401 1713 594 1754 postquam
627 1709 865 1744 adsuetudine
896 1708 1129 1755 quotidiana]
1154 1711 1342 1753 postquam
1367 1709 1406 1743 id
1431 1709 1670 1743 adsuetudine
1695 1719 1752 1754 qu.

200 1757 317 1800 Koch,
345 1756 620 1801 Brandenburg.
647 1757 688 1790 R.
717 1758 757 1790 A.
787 1760 887 1791 1860.
915 1768 948 1800 p.
978 1760 1031 1790 10.

296 1809 329 1847 4,
355 1808 471 1839 9-10
495 1805 720 1845 institutum,
752 1807 793 1838 ut
818 1804 938 1838 velites
967 1804 1009 1838 in
1036 1803 1235 1848 leyionibus
1260 1802 1385 1848 essent]
1415 1801 1540 1848 stg.
1568 1814 1601 1847 p.
1629 1806 1673 1838 66
1698 1803 1755 1837 in-

200 1852 337 1895 stituto,
363 1855 413 1886 ut.
442 1851 576 1896 Ussing
600 1851 660 1886 bei
685 1851 760 1885 Md.
787 1861 855 1885 em.
883 1851 922 1885 L.
950 1863 984 1895 p.
1013 1854 1079 1885 372
1106 1854 1139 1886 et
1163 1851 1380 1885 institutum.
1419 1850 1467 1884 Es
1493 1849 1543 1884 ist
1567 1849 1690 1885 nichts
1707 1862 1753 1885 zu

202 1899 356 1943 andern,
389 1899 546 1933 sondern
579 1898 637 1932 die
663 1898 816 1943 Angabe
842 1898 880 1932 in
912 1897 1047 1933 betreff
1068 1898 1133 1932 der
1160 1899 1278 1932 velites
1303 1897 1387 1932 falls
1412 1897 1568 1942 ehenso,
1600 1897 1670 1932 wie
1695 1897 1755 1932 die

201 1946 293 1981 fiber
317 1946 396 1981 ihre
423 1945 683 1990 Verwendung
709 1945 773 1980 der
800 1944 930 1987 Quelle
955 1946 1017 1980 des
1043 1944 1121 1980 Liv.
1148 1957 1210 1979 zur
1234 1945 1334 1979 Las‘c.

299 1997 331 2037 5,
358 1997 378 2028 5
398 1994 610 2037 praemissis
640 1993 809 2038 namque]
840 1993 1048 2036 praemissis
1078 1993 1208 2037 itaque.
1236 1991 1291 2027 Ff.
1312 1992 1534 2036 praemissis.
1561 1992 1692 2038 ndflquc
1716 1991 1756 2027 P.

198 2042 485 2085 praemissisque.
513 2040 552 2075 L.
580 2041 676 2074 nach
696 2040 878 2084 jsingeren
904 2040 983 2075 cod.
1010 2052 1044 2074 u.
1071 2039 1287 2074 Orevierius.

231 2117 234 2121 .
296 2091 329 2132 5,
356 2091 376 2123 8
403 2099 482 2122 cum
508 2088 687 2132 equitibus
711 2091 831 2122 seoetae
857 2088 1022 2133 leyionis]
1049 2097 1110 2121 sea:
1135 2088 1314 2132 leyionum
1338 2085 1497 2122 sammtl.
1524 2085 1659 2131 Hrsgb.

297 2139 329 2179 6,
358 2139 374 2168 1
400 2135 533 2178 inferri
558 2135 681 2178 coeyit]
709 2135 844 2177 inferre
869 2135 991 2178 coepit.
1019 2133 1092 2170 Md.
1120 2134 1229 2177 (nach
1255 2133 1433 2178 Ruperti).

298 2187 330 2226 6,
356 2185 376 2216 Ξ
399 2193 466 2226 per
490 2182 657 2225 straqem]
685 2192 793 2225 super
817 2184 981 2225 straqem.
1008 2181 1143 2226 Ussing
1169 2180 1229 2216 bei
1254 2181 1327 2216 Md.
1355 2192 1422 2215 em.
1449 2181 1490 2215 L.
1517 2192 1552 2224 p.
1579 2183 1657 2215 372.

299 2234 330 2272 6,
357 2233 379 2263 4
404 2240 512 2273 quam
537 2229 647 2273 quod]
674 2240 781 2272 quam
808 2229 903 2262 nach
930 2227 1088 2263 Gronov=

299 2281 330 2320 6,
359 2280 400 2310 11
429 2297 471 2300 —
497 2276 625 2310 habuit
650 2276 787 2319 aliquot
814 2296 855 2300 —
882 2276 1009 2309 habitu
1034 2276 1158 2309 italico
1184 2275 1286 2309 st.
1314 2274 1358 2309 ed
1387 2277 1487 2309 1871.

299 2328 330 2366 6,
359 2327 401 2358 15
427 2334 500 2357 non
527 2322 581 2368 tu]
607 2333 652 2357 ne
676 2326 728 2365 tu,
753 2322 848 2356 nach
876 2333 906 2359 ς.

299 2375 330 2414 7,
357 2374 377 2405 3
403 2381 471 2415 quo
496 2370 586 2415 iam]
613 2380 781 2414 quonam,
807 2370 901 2404 nach
928 2379 960 2406 ς.

299 2422 331 2462 7,
358 2422 377 2452 6
404 2418 544 2462 aqenda
575 2416 828 2462 audendaque]
862 2428 900 2451 so
933 2427 1052 2461 gegen
1080 2415 1118 2450 L.
1152 2416 1321 2450 audenda
1345 2416 1643 2461 (subewndaque),
1679 2417 1755 2452 und

204 2476 322 2509 gegen
347 2464 475 2509 stg.
503 2475 571 2498 em.
598 2463 637 2498 L.
667 2467 758 2498 1874
782 2476 817 2508 p.
839 2467 883 2498 47
904 2464 1073 2498 audenda
1096 2463 1312 2508 ayendaque.
1356 2462 1444 2497 Wfl.
1472 2476 1515 2498 zu
1542 2463 1601 2507 22,
1623 2467 1677 2507 14,
1698 2468 1754 2498 14.

202 2512 314 2547 Fabri
340 2524 383 2546 zu
408 2511 468 2555 21,
495 2515 551 2553 40,
579 2515 608 2546 6.

299 2570 328 2595 c.
355 2562 387 2602 8,
415 2562 434 2593 9
462 2569 568 2603 aeyro
593 2558 766 2603 eundum]
794 2568 899 2603 aeyro
925 2558 1216 2602 diyrediundum.
1244 2557 1346 2592 st.
1375 2561 1476 2592 1871.

300 2610 331 2649 9,
360 2610 377 2640 1
412 2605 602 2650 Volturno]
632 2605 860 2648 Volturnum,
885 2605 958 2639 alle
985 2605 1117 2649 Hrsgb.

298 2657 330 2697 9,
358 2657 377 2687 Ξ
404 2653 513 2688 ducit.
540 2653 604 2686 sub
634 2651 821 2698 Casinum]
854 2653 963 2687 ducit.
998 2652 1064 2687 sub
1093 2652 1236 2688 Casino.
1264 2652 1397 2698 Ussing
1427 2652 1490 2686 bei
1516 2652 1589 2686 Md.
1616 2662 1684 2686 em.
1712 2651 1751 2685 L.

205 2704 281 2736 373.
309 2701 438 2745 stg.
464 2712 498 2744 p.
527 2704 581 2734 66.

294 2752 332 2790 9,
360 2752 378 2782 6
411 2748 668 2782 tumultuosius
699 2758 807 2792 quam
839 2748 1004 2782 adlatum
1034 2750 1111 2782 erat
1143 2757 1251 2781 cursu
1281 2747 1465 2781 hominum
1491 2745 1753 2789 adfingentium

200 2806 296 2830 vana
327 2796 467 2830 auditis
500 2797 610 2829 totam
647 2795 769 2829 urbem
801 2794 973 2848 concitat]
1005 2794 1278 2836 tumultuosius,
1316 2804 1423 2837 quam
1458 2793 1571 2836 quod
1601 2792 1754 2827 allatum

200 2845 292 2884 erat,
320 2869 444 2877 .....
472 2852 665 2877 concursu
692 2871 698 2877 .
720 2870 727 2876 .
751 2870 756 2876 .
784 2842 1038 2876 concitante
1062 2841 1115 2876 Ff
1153 2841 1426 2884 tumultuosius,
1457 2850 1565 2883 quam
1591 2839 1754 2874 adlatum

200 2893 294 2932 erat,
342 2892 638 2933 propayatum
681 2890 867 2923 discursu
909 2887 983 2922 Md.
1028 2898 1096 2922 em.
1141 2887 1179 2921 L.
1225 2899 1258 2930 p.
1304 2890 1380 2921 373.
1432 2897 1539 2930 quam
1590 2887 1753 2921 adlatum

200 2939 304 2970 erat.
358 2937 609 2979 .(dis)cursu.
633 2936 728 2971 ..L.
768 2936 819 2970 Zu
844 2936 1100 2970 tumultuosius
1125 2934 1304 2969 concitare
1323 2932 1475 2978 vg1.36‚
1499 2937 1552 2978 11,
1576 2937 1628 2968 11.
1653 2934 1754 2977 fuere
